3725 5600
1093 419 1118 465 l

519 863 522 875 .
592 800 672 880 288
729 788 1035 873 Bontntctt
1071 813 1129 870 nn
1161 782 1444 867 Pennino.

595 902 708 1019 polle
740 901 923 989 homines
953 900 1235 989 benevolentia
1251 896 1451 1007 Principis
1464 892 1581 981 loen·

597 1020 760 1133 pletes,
789 1038 914 1131 atque
943 1015 1164 1103 honoratos
1178 1008 1291 1101 fieri,
1320 1012 1492 1107 detstos,
1523 1036 1582 1097 at·

596 1162 677 1247 que
691 1134 856 1220 idoneos
869 1161 954 1217 non
969 1131 1100 1247 polle.
1131 1136 1275 1241 ltaque
1290 1128 1361 1213 vix
1378 1126 1580 1211 tenuitlo·

595 1278 731 1339 cum,
762 1250 942 1362 quandin
977 1246 1165 1348 Pontifex
1194 1247 1343 1332 vixit,
1372 1245 1444 1353 qui
1472 1244 1581 1324 vixit

593 1365 713 1450 brevi
728 1396 740 1451 :
758 1367 1001 1569 I{Banonicus
1029 1384 1163 1450 tamen
1187 1361 1295 1448 obiit
1315 1355 1575 1444 Basilicaela·

589 1498 755 1567 teranen
785 1510 832 1565 s.

652 1642 912 1803 canotus
941 1712 1188 1835 nantta
1217 1674 1515 1801 animun

585 1948 692 2130 IN
709 1944 931 2056 Seminario
946 1937 1224 2061 Neapolitano
1252 1942 1386 2062 posuit
1411 1941 1482 2028 hic
1503 1974 1568 2029 tn·

660 2062 845 2149 dimenta
874 2065 1097 2157 doetrinae,
1127 2066 1169 2150 in
1199 2092 1282 2179 qua
1310 2074 1450 2147 tantos
1474 2088 1565 2172 pto·

584 2178 730 2297 greffus
759 2174 882 2274 lecit,
918 2199 966 2263 ut
996 2183 1121 2266 etiam
1137 2175 1379 2268 adolescens
1411 2177 1568 2288 perido-

582 2324 680 2383 neus
696 2291 798 2382 visus
815 2292 889 2386 fit,
919 2299 992 2410 qui
1022 2296 1335 2383 alios'doceret·
1367 2298 1407 2375 A
1433 2289 1568 2377 schola

582 2412 781 2499 abduaiut
808 2469 820 2503 ‚
849 2412 896 2495 &
925 2414 1156 2498 Canonicus
1186 2404 1488 2525 Neapolitanus
1517 2406 1570 2493 la·

582 2533 672 2616 stus
689 2528 874 2643 quaedam
902 2524 1053 2640 scriplit
1079 2558 1157 2643 pro
1183 2532 1273 2638 jure
1289 2519 1470 2611 Ecclelioe
1485 2524 1570 2609 Ro·

583 2674 751 2736 manto,
781 2672 871 2757 quae
904 2645 1008 2729 adeo
1037 2645 1242 2732 Clementi
1274 2644 1345 2731 XI.
1371 2634 1575 2727 Pontifici-

586 2761 768 2878 probata
780 2759 896 2852 lunt,
928 2780 974 2842 ut
994 2787 1085 2844 eum
1102 2764 1283 2849 Romam
1308 2759 1568 2848 evocaverit»

583 2898 707 2990 atque
738 2903 864 2961 unum
896 2873 1040 2962 feeerit
1083 2905 1136 2962 ex
1168 2878 1325 2963 intimis
1354 2872 1569 2964 Sacellanit

581 2987 659 3076 suis
675 3049 685 3068 .
701 3019 704 3026 ·
719 2993 877 3078 Deinde
893 2989 1157 3078 Bibliothecae
1172 2993 1380 3094 vaticanae
1393 2987 1570 3082 Custos,

579 3110 628 3196 δε
652 3109 863 3194 vaticana·
886 3111 987 3194 item
1008 3105 1188 3194 Eccleliae
1203 3110 1468 3199 canonicum
1499 3135 1567 3219 po·

579 3221 730 3311 stremo
746 3247 883 3312 autem
899 3225 1258 3332 Benedictinll„
1285 3251 1358 3310 nec
1375 3241 1461 3308 non
1475 3220 1567 3307 Cle·

578 3344 725 3426 mentis
739 3343 830 3426 ΧΠ.
844 3344 1072 3449 secretarius
1089 3341 1190 3446 fnit.
1220 3342 1356 3452 Quam
1372 3337 1565 3456 ptaeolare
1609 3348 1612 3352 ’

578 3453 621 3540 le
636 3458 678 3539 in
692 3485 741 3542 eo
757 3485 920 3544 munere
935 3455 1119 3571 gellerit‚
1149 3458 1240 3544 satis
1253 3453 1509 3542 ¹ostendimus
1524 3455 1564 3538 in

576 3566 786 3684 Dialogo·
818 3577 1009 3660 Mortuus
1024 3571 1080 3658 est
1094 3572 1299 3686 Neapoli,
1329 3600 1412 3684 quo
1442 3566 1480 3656 se
1498 3597 1567 3656 va·
1681 3590 1682 3665 l

576 3685 768 3772 letudinis
783 3673 911 3774 catilla
927 3686 1189 3780 contulerat,
1217 3689 1343 3777 t'e'rtio
1364 3685 1457 3772 Kal.
1470 3686 1562 3796 Jan.

554 3829 882 3894 -ttnocxxxmn
915 3800 1053 3916 Hujus·
1071 3807 1254 3918 'elogium'
1284 3799 1436 3916 scriplit
1467 3793 1563 3888 Ale-
1681 3850 1682 3901 t

1680 3692 1682 3847 l

577 3921 665 4004 xius
679 3921 942 4038 Symmachua
958 3923 1272 4019 Maazo'cchius',
1300 3922 1363 4009 vir
1378 3915 1469 4004 lane
1491 3916 1567 4000 do-
1681 3920 1682 3947 ¹

464 4075 467 4081 ·
577 4035 692 4124 tius,
726 4060 847 4156 atque
863 4043 997 4127 omnis
1010 4040 1268 4154 antiquitatis
1283 4037 1469 4153 petitus,
1500 4030 1563 4114 hia

575 4149 710 4240 verbis
727 4211 739 4238 .

1413 4259 1566 4356 carolo
