3725 5600
603 862 656 938 14
756 830 1458 922 Borrtnttortnrl’onrrrrn.

598 952 714 1039 brata
727 953 902 1065 quadem
929 952 1168 1036 eruditionis
1184 943 1313 1059 specie
1324 946 1565 1035 delectatur
1582 978 1600 1045 3

599 1064 773 1177 effigiem
787 1097 885 1154 vero
902 1068 1097 1153 doetrinae
1125 1061 1292 1148 solidam
1306 1061 1420 1147 illem
1442 1065 1601 1175 abop·

561 1281 565 1287 ‚
599 1186 709 1266 timis
725 1185 970 1269 rudioribus·
988 1175 1157 1267 mirifice
1185 1174 1401 1295 expreffnrn
1431 1201 1599 1265 temere

600 1298 777 1412 proiecit
793 1354 803 1374 ·
835 1299 1070 1394 Platonem
1087 1290 1367 1385 Aristotelem,
1387 1292 1599 1379 Thucidi-

600 1413 716 1513 dem,
733 1412 1060 1502 Demosthenem,
1076 1410 1318 1498 Isocratem,
1335 1406 1598 1523 Xenophon-

570 1594 573 1609 Α
602 1546 688 1613 tem
703 1592 715 1627 ,
730 1532 999 1626 Ciceronem,
1023 1524 1274 1615 sallustium,
1294 1526 1480 1615 Livium,
1501 1524 1598 1611 Tn-

602 1646 730 1730 citum
748 1647 832 1730 Scri
865 1647 953 1733 tori·
977 1642 1113 1731 nostro
1140 1638 1454 1761 pervolutandor
1479 1637 1592 1733 effe,

602 1778 680 1872 ego
695 1788 801 1845 nunc
828 1761 1029 1847 rdixerim
1045 1821 1057 1856 ,
1074 1786 1234 1849 nonne,
1250 1784 1375 1870 quum
1396 1784 1420 1838 e
1437 1756 1559 1840 tobis
1577 1816 1595 1853 ,

602 1874 800 1987 'vestrique
816 1872 1003 1961 fimilibus
1019 1873 1221 1962 disceffero
1237 1935 1250 1969 ,
1276 1872 1436 1985 reliquis
1451 1873 1595 1955 omni-

602 1990 693 2081 bns.
711 1993 901 2106 quipene
915 1989 1004 2077 sunt
1019 1988 1164 2075 infiniti
1180 2047 1192 2080 ‚
1208 2009 1281 2074 ent
1297 1985 1595 2071 merus-Gram-

602 2108 804 2203 metitur,
828 2128 898 2192 aut
913 2111 1069 2220 ineptus
1084 2107 1221 2193 ridear
1236 2124 1394 2190 ametor
1407 2104 1594 2214 antiqui·

601 2223 729 2305 tatis?
751 2220 930 2308 Tantum
960 2232 976 2324 (
1020 2223 1121 2309 roh!
1139 2233 1155 2326 )
1183 2251 1207 2308 a
1229 2238 1410 2306 veterum
1435 2218 1594 2305 studio·

602 2362 695 2421 tum
710 2340 910 2450 gravitate
925 2255 1116 2424 detsc'irum
1133 2336 1212 2433 est,
1240 2356 1431 2446 tantaque
1459 2330 1590 2421 efflu-

600 2454 662 2537 xit
676 2455 796 2563 c'opir
812 2481 981 2548 eorum,
1011 2451 1171 2566 quisuae
1200 2451 1448 2538 blandientes
1477 2453 1588 2537 iner-

600 2569 670 2649 tiae
686 2564 843 2651 libellos
859 2565 989 2653 nescio
1001 2597 1101 2681 quos
1116 2569 1166 2651 de
1180 2567 1404 2679 Republica
1422 2567 1585 2658 leviter,

601 2701 729 2792 etque
744 2678 1033 2767 inconsiderate
1064 2681 1290 2794 scriptorio
1305 2710 1385 2766 ore.
1398 2679 1586 2794 semper,

600 2811 723 2908 etque
753 2798 795 2878 in
819 2798 1000 2883 manibus
1017 2797 1190 2884 habent:
1219 2800 1416 2885 Austorer
1441 2823 1586 2886 autem
1615 2795 1622 2810 '

598 2907 853 3008 fuitiealios,
883 2917 954 3025 qui
983 2914 1243 3003 tantadem,
1275 2916 1499 3008 uberrime,
1534 2941 1587 3000 ut

598 3027 743 3114 decet,
778 3049 900 3139 atque
914 3025 1089 3114 ornatiffi
1095 3057 1157 3112 me
1173 3025 1424 3143 scripserint,
1440 3026 1586 3116 sortes·

594 3138 634 3227 se
651 3169 701 3227 ne
715 3138 965 3253 suspicantur
980 3146 1143 3256 quidem
1160 3164 1170 3225 ι
1198 3150 1334 3258 Atque
1350 3149 1457 3231 inter
1470 3166 1583 3231 rete-

594 3285 686 3342 rum
702 3255 959 3352 doctrinam,
981 3257 1233 3374 ‘illorumque
1262 3262 1471 3348 levitatem
1496 3261 1584 3348 hoc

595 3402 675 3487 ego
704 3373 882 3460 intercise
910 3373 1029 3460 facile
1054 3399 1106 3461 ex
1121 3405 1185 3461 me
1209 3374 1435 3489 cognosco.
1465 3379 1582 3491 quod

592 3489 684 3574 illos
699 3515 826 3601 quum
840 3489 932 3603 lego
948 3491 1068 3605 (dego
1083 3512 1217 3577 nutem
1232 3493 1415 3606 quotidie
1427 3503 1458 3597 )‚
1480 3522 1582 3578 nun-

591 3629 717 3719 quam
732 3629 817 3688 non
831 3606 1012 3689 occurrit
1026 3605 1179 3719 aliquid
1196 3614 1292 3693 nori
1307 3665 1320 3700 ‚
1336 3599 1459 3722 atque
1476 3635 1581 3722 prae·

591 3718 722 3810 clari,
746 3745 830 3831 quo
843 3717 1021 3807 nostrum
1034 3719 1166 3806 alatur
1179 3724 1382 3837 ingenium
1401 3726 1491 3810 :Ab
1505 3722 1580 3813 ho·

590 3845 683 3923 turn
712 3863 810 3922 vero
840 3833 1016 3923 lediione
1041 3840 1214 3950 jejunior
1239 3843 1365 3929 etiarn
1399 3839 1578 3938 recedo,

590 3973 714 4066 qnam
728 3977 856 4066 quum
868 3954 922 4038 td
937 3950 1150 4074 legendum
1162 3952 1330 4045 aceeffi.
1360 3956 1426 4042 Illi
1451 3959 1580 4068 igitur

588 4067 774 4163 humente
790 4071 1017 4181 prudentiae
1032 4068 1192 4164 fontes,
1221 4073 1292 4159 illa
1307 4078 1472 4186 capita,
1502 4103 1579 4158 un-

590 4181 642 4271 de
668 4180 987 4276 administrandae
1001 4188 1253 4307 Reipublicae
1281 4194 1390 4279 ratio
1416 4195 1577 4327 optime

1485 4328 1578 4422 petr
