3725 5600
448 790 1123 878 Er1sror.80r1uron1·rus
1225 820 1279 891 71

285 936 373 989 non
409 914 507 990 enim
525 908 669 1021 semper
683 907 879 993 Nicolaum
895 907 1071 993 habebis·
1104 910 1160 991 Ex
1176 928 1281 1017 quo,
1353 964 1357 974 -

184 1073 185 1082 r
285 1024 344 1105 ὅ(
365 1022 503 1108 multis
521 1024 607 1107 aliis
623 1022 711 1107 satis
726 1016 1164 1133 constat‚s1ngularem
1192 1016 1284 1105 fuis·
1367 1130 1370 1137 Δ

287 1134 337 1219 se
389 1141 435 1222 in
467 1136 652 1223 literatos
667 1137 938 1251 ¹quoscunque
985 1134 1147 1223 Nicolai
1177 1137 1283 1220 Pon·

287 1246 425 1338 tificis
455 1255 782 1340 benevolentiam
814 1311 826 1345 ,
857 1259 902 1341 ὃ(
931 1253 1284 1340 liberalitatem.

286 1366 474 1482 Qippe
505 1367 633 1467 istuc,
666 1372 801 1484 inquit
816 1370 992 1465 Fortius,
1022 1370 1073 1454 ab
1103 1370 1282 1481 Eugenio

285 1480 459 1570 forcalle
474 1485 689 1577 didicerit,
718 1488 788 1599 qui
815 1486 892 1571 fuit
915 1506 1008 1570 ante
1028 1486 1281 1570 .eumPonti·

288 1594 400 1688 fex,
426 1604 510 1711 ejus
539 1599 749 1687 hominum
780 1604 932 1713 generis
962 1593 1280 1695 studiofiffimus,
1348 1658 1350 1662 -

288 1716 346 1799 ὅτ
362 1743 487 1826 quem
504 1714 677 1802 habuiffe
706 1714 857 1831 semper
871 1720 913 1802 in
931 1746 1003 1802 ore
1019 1714 1154 1801 ferunt
1175 1714 1279 1801 illud

287 1829 508 1916 Platonis:
538 1832 795 1920 Metuendam
811 1835 936 1945 tnagis
954 1835 999 1917 iis
1015 1888 1026 1922 ,
1058 1834 1128 1943 qui
1144 1858 1280 1915 rerum

288 1950 549 2057 potiuntur,
567 1971 699 2063 poetae
716 2004 728 2039 ,
744 1947 809 2033 uel
824 1952 1000 2034 oratoris
1017 1946 1279 2041 iracundiam,
1403 2026 1404 2029 a

292 2087 427 2173 quarn
445 2067 592 2147 armati
607 2067 809 2149 exercitus
835 2067 916 2150 uim
935 2120 945 2139 ·
974 2065 1080 2151 Tum
1097 2061 1280 2168 Lucchefi·

293 2186 386 2263 nius
408 2236 422 2269 ‚
439 2182 599 2270 Recio,
631 2183 785 2292 inquit,
801 2182 997 2291 Eugenius
1015 2240 1027 2274 ,
1049 2178 1113 2264 vel
1129 2177 1247 2261 Plato
1265 2238 1276 2259 .

295 2294 416 2378 Narn
446 2298 508 2379 vis
537 2264 805 2383 interdum'vi
822 2294 964 2407 repelli
984 2290 1140 2409 poteli3
1174 2290 1279 2405 stylo
1365 2382 1367 2387 ,

294 2433 443 2500 autem
476 2406 686 2523 scriptoris
716 2411 849 2497 inustae
879 2410 1132 2523 Principibus
1174 2431 1280 2493 notae

290 2524 425 2612 deleri
449 2554 655 2639 nunquam
671 2528 855 2641 poliunt.
889 2528 1162 2613 Veruntanlen
1192 2553 1278 2623 nou
1406 2564 1408 2569 ·

292 2639 431 2728 folum
446 2642 669 2754 fingenius,
701 2643 980 2733 &Nicolaus‚
1012 2640 1078 2727 sed
1108 2636 1281 2727 Pontifi-

293 2786 364 2844 ces
401 2756 527 2845 ferme
543 2786 680 2847 ornnes
711 2754 1000 2874 prudentiffitni
1033 2758 1112 2846 hoc
1129 2756 1280 2844 habue-

294 2895 395 2960 runt
426 2879 622 2968 omnino,
652 2900 700 2962 ut
730 2879 948 2962 doctorum
977 2877 1186 2962 hominum
1202 2871 1280 2958 liu·

295 2989 395 3086 dia,
431 2993 661 3106 quicunque
676 2995 708 3075 ii
724 2994 888 3078 tandem
913 2990 1063 3082 client,
1095 2992 1145 3074 ad
1164 2990 1297 3085 luas,

293 3110 341 3192 δι
375 3101 640 3194 pontificatus
670 3112 844 3193 rationes
874 3107 1082 3192 allicerent
1110 3169 1122 3200 ‚
1150 3115 1278 3217 'atque

295 3225 527 3308 excitarent
542 3256 553 3318 ;
582 3228 626 3308 δι
642 3226 754 3340 'quod
771 3281 784 3314 ,
803 3246 849 3306 ut
865 3221 964 3334 saepe
978 3227 1060 3331 jam
1077 3221 1248 3305 diximus
1263 3271 1278 3312 2

297 3335 432 3424 latine
465 3337 665 3426 scribendi
695 3341 894 3452 elegantia
925 3341 998 3449 qui
1018 3334 1275 3452 praestarent,

299 3457 483 3541 maxime
514 3459 602 3570 apti
618 3457 850 3543 viderentur
863 3455 914 3542 ad
932 3454 1013 3538 hoc
1031 3481 1171 3538 munus
1190 3509 1204 3544 ‚
1226 3447 1279 3540 de

301 3597 385 3683 quo
403 3574 614 3683 quaerimus
633 3629 645 3664 ‚
675 3577 827 3659 iccirco
843 3565 1059 3658 Pontifices
1076 3569 1278 3656 lubentius

299 3687 392 3772 illos
409 3691 678 3775 innumerum
708 3707 978 3804 aggregarunt
1004 3714 1176 3781 eorum,
1203 3685 1277 3798 qui

300 3795 540 3892 Pontificius
556 3806 741 3916 epistolas
755 3805 1048 3890 conscriberent
1064 3865 1074 3884 .

359 3919 505 4024 Quum
522 3941 657 4006 autem
673 3921 767 4004 binc
783 3916 897 4005 fieret
916 3977 927 4015 ,
944 3942 991 4005 ut
1007 3916 1167 4029 oppido
1185 3913 1276 4029 plu-

301 4063 363 4126 res
378 4035 503 4121 effent
519 4036 751 4126 interdurn,
782 4063 901 4150 quam
917 4060 988 4121 aut
1005 4035 1179 4148 Collegii
1198 4035 1281 4118 utin

301 4151 428 4250 litas,
458 4173 529 4240 aut
557 4157 619 4242 rei
646 4176 791 4256 natura
816 4172 1050 4268 pateretur,
1078 4151 1278 4237 Callixtru

640 4288 643 4295 ‘
768 4271 852 4371 ua
972 4339 974 4343 .
1193 4267 1278 4379 pri-
