3725 5600
622 848 709 929 214
781 800 1085 909 Bonrnrcrr
1115 846 1178 905 nn
1207 820 1488 905 Ponrrrro.

678 939 754 1027 Sed
770 943 815 1023 V.
833 940 898 1024 Cl.
914 935 1087 1027 Michael
1105 934 1285 1049 Angelus
1299 933 1628 1025 ¹lvlonlncratius

616 1057 754 1143 Abbas
792 1054 1024 1144 Generalis,
1058 1055 1118 1137 uti
1148 1075 1298 1167 uocant
1333 1056 1626 1143 ,Canonico-

616 1203 706 1259 rum
736 1174 1000 1288 Regularium
1031 1172 1065 1255 S.
1079 1170 1300 1255 salvatoris
1317 1224 1329 1257 ,
1346 1170 1470 1259 civis,
1489 1176 1539 1257 δε
1558 1172 1624 1259 af-

613 1282 705 1377 finis
737 1317 876 1387 meus,
913 1291 1147 1398 conjedlura
1173 1282 1305 1371 nescio
1336 1313 1417 1399 qua
1442 1288 1620 1381 ductus,

612 1407 828 1493 contendit
852 1435 941 1493 earn
958 1401 1293 1516 Inscriptionern,
1314 1428 1434 1514 quarn
1473 1403 1619 1490 Flore-

613 1521 744 1610 bellus
759 1521 911 1619 affert,
941 1546 1147 1637 nunquam
1165 1513 1336 1634 posrtarn
1362 1516 1498 1605 fuisse·
1519 1526 1616 1607 No·

613 1637 656 1723 lo
685 1667 766 1753 ego
787 1639 1056 1735 Florebcllum
1089 1634 1303 1735 defendere
1334 1664 1346 1728 ς
1379 1654 1612 1751 utcumque

613 1774 754 1840 tamen
778 1786 841 1843 res
873 1756 1102 1849 ceciderit,
1135 1778 1217 1837 non
1249 1748 1410 1839 moleste
1440 1751 1606 1842 Monsaa

614 1872 765 1960 ctatius
796 1869 924 1965 leret,
956 1868 982 1963 fi
1007 1869 1139 1957 multo
1165 1866 1418 1959 faciliorem,
1451 1866 1606 1983 fibiquc

615 1988 738 2073 etiarn
755 1986 1030 2100 gloriofiorern
1048 1981 1273 2075 domestica
1290 1982 1604 2075 existimationis

610 2103 863 2197 vindicandae
888 2112 1090 2197 rationem
1133 2100 1381 2200 ostendam,
1425 2131 1512 2216 quae
1545 2101 1602 2189 eli

605 2218 825 2327 ejusmodi:
853 2245 899 2309 ut
914 2223 1080 2339 quando
1108 2222 1140 2303 is
1170 2218 1365 2305 summum
1391 2218 1599 2305 interfuns

605 2336 885 2449 Magistraturo
903 2344 1008 2453 gerit
1036 2401 1056 2435 ,Α
1076 2340 1119 2421 in
1149 2335 1324 2453 Templo
1354 2400 1367 2434 ‚
1398 2337 1511 2449 quod
1541 2334 1597 2421 cst

605 2446 772 2547 suorum
786 2450 880 2543 fidei
897 2454 1229 2550 commendatum
1245 2510 1257 2545 ,
1278 2456 1383 2539 tanti
1399 2456 1595 2540 Cardina-
1633 2534 1638 2549 ,

600 2565 650 2657 lis
666 2597 977 2668 monumentum
1004 2596 1073 2664 aut
1085 2568 1371 2658 restituendum
1390 2630 1402 2664 ,
1434 2594 1504 2657 ant
1522 2602 1596 2687 po-

598 2685 773 2770 nendum
802 2693 972 2780 ornnino
1003 2712 1119 2779 curet
1151 2743 1162 2765 ·
1200 2691 1293 2775 Hoc
1319 2691 1373 2774 ab
1403 2688 1479 2775 illo
1501 2684 1594 2775 offi-

597 2802 710 2884 cium
738 2798 814 2889 suat
829 2809 1073 2903 eruditioni,
1091 2803 1164 2894 luae
1180 2803 1372 2919 dignitati
1389 2805 1594 2896 debiturn,

596 2941 680 2999 non
700 2924 870 3033 requirit
886 2926 1037 3015 modo,
1062 2920 1126 3010 sed
1147 2949 1244 3010 vero
1274 2924 1397 3008 etiam
1430 2919 1589 3039 flagitat

601 3035 959 3148 quicquid-Romae
990 3039 1044 3128 est
1060 3039 1275 3126 hominum
1305 3039 1589 3132 eruditorum,

607 3151 1019 3270 atqueelegantium·
1192 3249 1194 3254 ,

729 3353 1033 3480 incarus
1074 3389 1440 3480 conorrus

651 3621 752 3704 Nter
769 3622 914 3712 Leonis
928 3628 977 3714 X.
1004 3625 1223 3715 Secretarius
1238 3625 1304 3714 hic
1322 3621 1377 3712 eli
1393 3651 1585 3712 annume-
1683 3617 1684 3648 ¹

667 3735 838 3833 raudus,
866 3769 985 3853 quem
1015 3746 1163 3830 Pierius
1194 3745 1428 3832 Valerianus
1445 3741 1519 3827 dib.
1545 3770 1583 3828 r.

582 3856 626 3940 de
639 3855 878 3963 infelicitate
889 3860 1127 3948 literatorum
1145 3857 1466 3976 incomparabili
1481 3887 1584 3973 pro·

579 3970 709 4057 bitate
735 3975 900 4064 virum,
930 3980 976 4062 dt
1007 4003 1137 4093 graece
1169 3978 1372 4092 latineque
1398 3969 1581 4062 doc‘tilli·

578 4113 689 4170 mum
715 4089 920 4201 appellat.
955 4094 1131 4207 Neapoli
1166 4121 1291 4212 quum
1321 4092 1440 4215 eliet,
1472 4099 1581 4177 Aca·

575 4201 716 4290 detniae
747 4203 1045 4308 celeberrimae,
1077 4240 1199 4326 quam
1231 4217 1433 4298 Pontaous
1468 4206 1579 4290 inlli-

1484 4346 1571 4407 tue·
