3725 5600
446 802 1128 903 ,EnrttonScrarrrortrnua
1232 825 1286 915 37

298 945 429 1009 rum,
459 920 536 1003 illis
552 916 722 1016 omiiiisa
752 922 803 1007 de
819 922 880 1007 his
911 918 1123 1033 loquamur
1142 912 1290 1033 Episto-

300 1032 385 1123 lis,
417 1062 505 1147 quae
535 1040 699 1148 proprie
731 1038 780 1121 ad
814 1068 884 1125 nos
918 1040 1143 1148 pertinent,
1173 1032 1217 1114 ὅ(
1246 1036 1289 1118 in

299 1152 451 1259 quibus
486 1153 668 1240 nemine,
701 1175 747 1236 ut
778 1154 981 1245 arbitror,
1015 1167 1290 1264 repugnante.

297 1260 436 1358 latina
451 1293 532 1350 non
549 1268 807 1353 incommode
824 1261 964 1357 versari
980 1261 1136 1378 potest,
1164 1264 1208 1347 &
1225 1292 1292 1349 ve·
1397 1366 1401 1371 .
1539 1334 1546 1349 .

295 1408 354 1467 το
385 1386 511 1465 etiam
527 1380 646 1467 debet
670 1382 902 1496 eloquentia
918 1410 938 1479 ς,
960 1407 1048 1493 quae
1064 1384 1145 1490 jam
1159 1373 1290 1490 spreta

298 1522 328 1585 a
362 1492 613 1608 Philosophia
629 1520 751 1611 atque
779 1496 1026 1607 Theologis,
1054 1488 1201 1605 pulsae
1223 1520 1289 1579 ve-

298 1606 385 1695 stro
419 1607 542 1700 foro,
571 1611 704 1697 iocum
738 1612 844 1699 hunc
876 1611 956 1701 fere
985 1608 1106 1696 habet
1135 1636 1289 1718 unum·

297 1726 374 1812 ubi
405 1724 569 1836 publice
594 1725 712 1838 potiit
743 1725 974 1815 confistere·
1006 1732 1063 1813 At
1080 1752 1176 1811 vero
1206 1720 1291 1807 elo-

191 1886 193 1899 ·
301 1842 472 1954 quentia
488 1868 633 1939 nomeu
651 1844 860 1956 quomodo
879 1843 1079 1929 obtinebit
1094 1836 1231 1929 suurn,
1259 1833 1289 1925 fi

300 1958 429 2041 verba
457 1956 667 2069 negligat?
697 1956 838 2072 &ipsa
867 1956 936 2063 nist
943 1957 1116 2157 proprie
1146 1984 1230 2043 rem
1247 1948 1290 2039 fi·

299 2062 496 2181 gnificent
528 2074 678 2165 verba,
711 2075 815 2168 unde
837 2076 1079 2161 eniteceut?
1109 2075 1288 2191 scriptor

300 2207 442 2271 autem
478 2183 607 2273 noster
625 2184 691 2273 nifi
724 2188 890 2274 latinam
908 2190 1025 2304 plane
1040 2190 1197 2287 noverit
1212 2186 1288 2269 lin.

331 2329 471 2393 uam,
509 2309 579 2413 qui
611 2306 762 2417 poterit
794 2308 920 2405 verbis
951 2309 1009 2388 uti
1041 2302 1287 2417 propriis&

300 2331 449 2509 inis.
478 2419 520 2507 in
550 2445 633 2529 quo
662 2416 845 2535 profecto
875 2422 933 2507 vis
963 2420 1138 2525 maxima
1154 2414 1209 2505 est
1235 2415 1288 2502 ad

298 2530 404 2617 berae
437 2528 735 2621 scribendum?
773 2536 984 2623 Deletiurn
1013 2537 1120 2621 enim
1149 2536 1288 2620 verbo
1399 2633 1403 2639 Δ
1464 2567 1472 2581 ·

187 2728 191 2735 .
300 2676 392 2739 rum
423 2650 623 2758 originem
637 2646 708 2735 effe
740 2651 979 2765 eloquentiae
995 2649 1102 2756 dixit
1132 2645 1285 2747 caesar.

299 2759 462 2852 Caesar,
497 2766 687 2877 inquam,
715 2770 786 2878 qui
804 2771 843 2852 in
875 2769 1053 2856 maximo
1076 2768 1287 2881 Imperio»

296 2875 563 2990 maximisque
609 2885 947 2996 occupationibus
993 2910 1076 2968 non
1109 2884 1286 2980 alienum

299 2991 543 3084 existimarit
573 2996 770 3103 dignitate
787 2995 882 3090 sua.
909 3004 959 3085 de
975 3001 1131 3083 ratione
1160 2995 1286 3083 latine

298 3109 497 3220 loquendi
529 3109 820 3222 accuratiffime
851 3111 1046 3200 scribere.
1075 3115 1132 3196 Sit
1162 3115 1286 3223 igitur

301 3225 407 3312 mihi
440 3225 573 3312 latinis
603 3225 725 3312 literis
756 3226 1159 3340 instructusscriptor
1188 3223 1286 3317 ille.

298 3341 350 3434 de
383 3369 468 3451 quo
500 3341 729 3454 loquimur,
763 3345 1111 3458 nequebominurn
1141 3341 1287 3427 leviter

302 3455 554 3548 eruditorum
576 3487 791 3570 „quorum
821 3462 963 3548 videtis
991 3484 1140 3573 quanta
1154 3453 1201 3542 fit
1217 3454 1289 3540 ho·

303 3572 369 3658 die
400 3569 625 3664 multitudo
640 3598 657 3665 ,·
683 3580 876 3686 opinione
906 3580 951 3662 δι
981 3570 1175 3662 concursu
1204 3566 1288 3657 abs·

302 3686 517 3784 trabatur,
540 3692 610 3801 qui
627 3711 760 3788 toturn
777 3691 855 3778 boc
873 3691 1000 3795 latine
1029 3688 1197 3776 scribere
1212 3706 1285 3798 aut

302 3803 487 3914 ineptum
504 3805 689 3900 omnino,
720 3827 766 3888 ut
780 3808 1060 3919 negligendum
1079 3861 1091 3893 ,
1118 3825 1289 3888 autnon

303 3919 410 4008 tanti
428 3937 573 4029 putant
588 3913 687 4015 effe,
716 3945 761 4005 ut
775 3923 888 4026 docti
907 3922 1080 4019 hominis
1110 3941 1288 4024 mentem

305 4059 523 4142 curamque
548 4035 745 4118 detineat·
780 4036 952 4140 Atmibi
983 4038 1110 4149 inepti
1130 4029 1290 4120 eiieho·

299 4149 426 4245 ruinis
458 4147 613 4250 videtur
627 4147 823 4262 ostentare
845 4151 1138 4256 eruditionem.
1163 4154 1208 4236 &
1224 4174 1291 4350 ule·

828 4269 946 4380 03‘
1219 4268 1293 4385 ui·
