3725 5600
600 862 630 945 8
741 852 1041 936 Borrrrtcrt
1077 874 1137 933 nr
1166 850 1454 936 Pourrrrc.

598 968 721 1053 etiam
736 965 933 1076 praeclaris
947 965 1110 1049 Civium
1126 982 1287 1048 tuorum
1312 964 1581 1048 monimentis

598 1083 751 1195 ingenii
767 1078 1004 1165 illustrandis
1021 1108 1032 1170 ς
1048 1106 1218 1189 quorum
1233 1078 1367 1191 aliqua
1382 1081 1450 1162 abr
1468 1104 1508 1161 te
1525 1082 1577 1161 in

595 1198 729 1281 lucem
745 1195 852 1280 edita
865 1194 945 1308 legi
960 1192 1225 1307 perlibenter·
1249 1193 1353 1278 'sum
1370 1192 1438 1277 ille
1451 1225 1461 1279 :
1475 1196 1579 1276 Bar-

598 1313 722 1398 zizios
738 1373 750 1407 ,
764 1311 887 1395 credo
902 1364 912 1397 ,
930 1300 1120 1422 signifieat
1135 1334 1260 1419 ,quos
1274 1308 1427 1391 idcirco
1443 1307 1578 1395 edidi,

596 1449 646 1511 ut
658 1425 880 1513 constaret,
900 1422 999 1507 licet
1013 1422 1192 1530 judiciali
1205 1426 1477 1533 occupatione
1492 1424 1579 1505 im.

596 1540 808 1657 peditum,
838 1564 919 1623 non
935 1534 1411 1621 abborreremeastudiir
1438 1564 1579 1621 arnoe·

594 1656 802 1742 nioribut,
831 1658 875 1739 dt
890 1674 1080 1764 practerea
1101 1671 1148 1734 ut
1161 1648 1430 1748 ostenderem,
1460 1654 1580 1764 opti·

595 1772 670 1855 mit
686 1771 759 1852 illis
775 1768 1021 1884 temporibus
1036 1763 1148 1851 callae
1164 1765 1372 1850 latinitatis
1394 1764 1576 1851 studium

596 1885 648 1967 'ad
660 1885 932 1969 Coenomanot
951 1880 1068 1995 usque
1082 1878 1233 1966 nostros
1249 1880 1474 1993 peruenisse·
1494 1885 1578 1966 Ce-

595 2019 727 2083 terum
744 2000 870 2112 probe
885 2001 982 2085 nori
999 2058 1011 2091 ‚
1026 2023 1093 2084 eos
1106 1996 1267 2110 quidem
1285 1993 1469 2085 ,tametsi
1483 2024 1577 2081 uon

594 2111 842 2225 ineleganter
856 2110 1079 2226 scripserint
1093 2143 1109 2204 ¹,
1122 2110 1221 2195 nihil
1238 2134 1372 2195 tamen
1385 2110 1439 2197 ad
1450 2113 1578 2198 ‘Bem-

594 2228 667 2315 boa
683 2289 694 2321 ,
711 2228 761 2313 ad
777 2229 1009 2317 Sadoletot,
1039 2251 1162 2341 atquc
1172 2226 1227 2311 ad
1241 2246 1282 2310 te
1308 2224 1435 2342 ipsum
1453 2288 1463 2321 ,
1526 2229 1576 2312 ui

594 2372 735 2428 eorum
748 2372 831 2428 non
847 2342 973 2428 solum
988 2371 1027 2428 et
1043 2347 1084 2427 in
1099 2339 1236 2429 officio
1252 2338 1473 2439 successor,
1494 2256 1576 2429 led

593 2458 725 2543 latinae
748 2464 928 2544 imitator
944 2459 1183 2570 eloquentiae
1196 2518 1218 2550 „
1236 2485 1358 2569 quam
1374 2462 1575 2570 tempori·

591 2572 666 2656 bur
694 2573 830 2656 nostrin
854 2598 991 2686 prope
1018 2579 1102 2682 jam
1122 2569 1392 2658 collabentem
1419 2573 1574 2659 viderit

591 2712 690 2770 uuus
720 2685 988 2797 pulcherrime
1016 2686 1228 2774 sustinere.
1257 2684 1429 2774 Historia
1456 2692 1573 2775 enim
1686 2779 1687 2782 a

590 2824 664 2884 tua
680 2803 1075 2896 notaestomnibus3
1098 2807 1291 2890 eominus
1315 2830 1454 2888 vertor
1481 2805 1575 2893 lau·
1683 2848 1686 2870 ⁴

590 2915 687 2999 date
704 2915 958 3030 praesentem.
987 2920 1062 3004 Sed
1078 2924 1206 3005 miron
1232 2916 1306 3005 esse
1337 2923 1539 3006 neminem
1558 2981 1573 3019 ,

588 3032 687 3144 qui,
715 3060 763 3117 ne
777 3054 982 3118 tantorum
998 3039 1187 3121 Virorum
1203 3039 1396 3121 memoria
1426 3030 1571 3126 sensm

590 3145 823 3236 evanescat,
845 3179 985 3235 eorum
1002 3149 1108 3262 quast
1122 3148 1322 3236 bilioriam
1339 3149 1572 3261 diligenter,

586 3261 848 3374 ordinateque
868 3352 870 3370 ι
890 3263 1084 3350 describat
1113 3328 1123 3349 .
1168 3268 1275 3350 Tum
1300 3264 1396 3355 ille,
1428 3295 1514 3352 rem
1544 3299 1572 3354 a

585 3403 683 3471 me,
712 3381 872 3491 inquit,
900 3381 1186 3473 deliberatam,
1214 3381 1259 3464 δι
1276 3378 1449 3466 multum
1479 3388 1573 3496 agi·

468 3587 469 3592 Ν
585 3514 715 3573 tatum
731 3497 895 3602 requiris
913 3549 923 3570 ·
941 3497 1038 3578 Non
1053 3501 1160 3580 enim
1177 3498 1260 3580 dici
1274 3495 1423 3608 potest,
1442 3524 1569 3608 quam

583 3631 662 3714 ego
676 3613 1060 3694 commemoratione
1087 3610 1259 3697 delecter
1277 3614 1469 3697 Virorum
1496 3643 1571 3700 ex·

581 3719 844 3819 callentium,
873 3751 1047 3835 quorum
1075 3730 1227 3811 muneri
1258 3721 1447 3822 successi,
1480 3757 1568 3816 non

582 3863 666 3947 quo
683 3863 824 3920 eorum
844 3841 889 3922 in
903 3838 1113 3927 scribendo
1140 3841 1302 3927 laudem
1329 3837 1398 3926 sim
1414 3839 1567 3932 assecu-

581 3968 648 4034 tur
675 3957 692 4047 (
707 3950 785 4036 hoc
800 3957 906 4039 enim
919 3958 990 4042 abt
1006 3983 1048 4045 te
1077 3962 1205 4043 amice
1222 3960 1345 4069 magis
1375 3957 1531 4043 ditium
1548 4021 1563 4053 .

581 4090 704 4172 quam
734 4071 894 4170 verius)
923 4068 989 4156 sed
1008 4078 1118 4185 quod
1151 4075 1250 4158 mibi
1278 4069 1360 4182 ipse
1389 4070 1564 4163 assentur

579 4175 768 4276 sortasse,
798 4185 1044 4296 quum-banc
1058 4185 1169 4304 quasi
1191 4185 1330 4276 sidiam
1351 4187 1564 4276 beredita-

588 4331 591 4339 '
869 4383 873 4392 ,
1477 4325 1564 4395 tem
