3725 5600
603 793 658 885 §t
746 781 1062 867 Bonumrcrr
1092 802 1150 863 nn
1180 778 1462 867 Ponrrrrc.

604 924 698 988 tur,
721 899 843 1012 prisca
859 926 926 980 nnn
944 896 1169 1008 improbaffrt
1187 918 1300 981 atas.
1332 896 1421 1011 Fuit
1451 896 1591 983 eliam

604 1014 848 1106 errrrus
866 1017 1130 1102 neruimes,
1148 1016 1257 1121 cujus
1273 1016 1410 1125 graecia
1428 1016 1471 1097 in
1489 1010 1595 1097 lite·

603 1133 660 1221 ris
675 1128 852 1215 eruditio
885 1126 1112 1212 laudatura
1130 1127 1272 1223 Valla,
1296 1131 1365 1241 qui
1391 1126 1470 1214 snit
1493 1132 1590 1239 ejus

605 1244 793 1340 auditor,
824 1247 866 1328 in
898 1242 1032 1329 latinis
1049 1240 1215 1327 facultas
1244 1271 1297 1329 ex
1328 1242 1470 1331 sabulis
1489 1268 1592 1353 per·

605 1359 777 1478 spicitur
791 1358 950 1475 AEsopi,
979 1387 1075 1472 quas
1092 1361 1217 1445 vertit
1231 1390 1254 1445 e
1268 1386 1399 1475 graeco
1414 1386 1589 1445 accura-

606 1496 648 1563 te
663 1480 814 1590 magis,
838 1502 959 1590 quam
976 1474 1177 1587 eleganter
1194 1538 1204 1559 .

667 1592 952 1703 Adjungantur
984 1592 1030 1672 iis
1060 1589 1300 1700 Jirnorrvs
1327 1590 1592 1677 Minimus

606 1705 856 1795 Florentinus
874 1766 886 1800 ,
914 1708 984 1819 qui
1001 1703 1262 1821 philosophiae
1280 1706 1463 1796 deditur,
1495 1707 1591 1791 lite-

607 1851 746 1916 rarum
761 1818 965 1907 scientiam
982 1847 1063 1905 non
1079 1824 1269 1934 neglexit,
1283 1826 1328 1908 δι
1345 1842 1426 1907 tam
1447 1850 1591 1935 prom·

607 1960 654 2026 ta
685 1932 761 2022 suit
789 1999 802 2034 ‚
831 1940 875 2023 δε
905 1957 1048 2049 parata
1080 1940 1121 2023 in
1146 1937 1380 2054 loquendo,
1410 1934 1591 2023 scriben-

608 2055 744 2167 doque
773 2050 1013 2147 celeritate,
1043 2073 1113 2150 ut,
1143 2081 1231 2167 quae
1261 2054 1312 2138 ab
1343 2052 1428 2139 aliis
1452 2053 1586 2167 graece

609 2169 868 2280 legerentur,
899 2165 1025 2254 latine
1041 2170 1121 2283 ipse
1138 2169 1269 2257 statim
1285 2169 1471 2256 redderet
1489 2197 1500 2253 r
1517 2171 1588 2253 Pn-

609 2313 713 2375 rnre
729 2289 1009 2380 Nucerinus,
1040 2288 1089 2371 de
1106 2315 1188 2400 quo
1203 2284 1304 2370 nihil
1321 2288 1555 2398 accepimns
1572 2340 1586 2379 ,

607 2396 679 2487 nis
694 2426 852 2487 certum
883 2397 990 2487 fuisse
1006 2400 1426 2513 Nicolaonlbergato
1440 2400 1587 2486 Cardi-

477 2621 481 2627 ι
607 2514 691 2601 nali
717 2520 952 2609 auctorem,
983 2520 1082 2600 utin
1099 2516 1299 2630 legatione
1330 2516 1400 2601 illa
1431 2514 1497 2601 sua
1516 2544 1587 2601 uo-

537 2675 540 2679 ·
607 2632 683 2717 bili
699 2630 935 2742 scriptorem
964 2627 1220 2742 epistolarum
1250 2630 1405 2718 suarum
1428 2635 1470 2715 in
1485 2630 1586 2716 ¹Gal-

606 2743 707 2830 liam
746 2745 911 2831 duceret
938 2749 1096 2832 AEneam
1130 2747 1310 2863 Sylvium
1339 2746 1585 2834 Piccolomi·
1650 2813 1656 2826 .

607 2887 756 2952 neum,
790 2889 877 2976 quac
893 2864 1023 2975 prima
1039 2861 1114 2950 suit
1130 2863 1286 2950 homini
1311 2867 1362 2950 ad
1379 2865 1587 2981 amplioris

605 2971 783 3066 sortunae
813 2973 919 3090 spem
950 2980 1252 3066 commendatio
1285 3039 1293 3058 ·
1334 2984 1472 3096 Atque
1504 2975 1587 3092 ipse

610 3097 751 3180 AEnear
781 3095 820 3177 in
839 3094 980 3180 eodem
996 3119 1090 3182 ante
1108 3091 1395 3184 Pontificatum
1412 3123 1584 3182 numero

607 3206 717 3299 suit,
748 3212 817 3322 qui
834 3213 951 3296 variis
968 3215 1011 3293 iu
1027 3213 1283 3327 Republica,
1314 3237 1436 3326 atque
1452 3214 1495 3295 in
1514 3213 1583 3296 Ec·

537 3381 540 3386 -
609 3319 724 3408 clesra
739 3326 883 3418 rebus,
912 3323 1123 3438 studiisque
1152 3332 1394 3414 exercitatus
1423 3329 1468 3412 &
1500 3329 1583 3442 egit

609 3437 738 3524 multa
753 3435 977 3550 sapienter,
1009 3443 1053 3523 δε
1068 3439 1219 3558 scripsit
1234 3444 1362 3530 multa
1379 3442 1584 3559 praeclare,

523 3635 526 3642 ,
611 3575 734 3665 atque
749 3555 808 3637 ita
825 3550 976 3668 scripsit
989 3574 1121 3642 tamen
1141 3617 1151 3652 ‚
1178 3581 1224 3643 ut
1240 3559 1415 3650 eruditio
1434 3557 1584 3652 summa

613 3689 837 3783 appareat,
861 3669 1061 3784 elegantia
1092 3675 1329 3762 mediocris·
1362 3678 1419 3758 At
1443 3673 1583 3760 iisdem

608 3784 860 3895 temporibus
886 3787 1045 3871 Prrnus
1061 3791 1281 3876 Ginnrnvs
1299 3793 1584 3879 Ducrmunrvo

603 3903 654 3984 in
671 3927 761 4011 qno·
781 3901 980 4015 elegantia
1008 3901 1164 3990 sortasse
1195 3912 1354 4016 major,
1385 3909 1442 3994 vis
1475 3925 1584 3992 certe

601 4018 788 4110 minor,
819 4017 949 4103 nullus
979 4048 1189 4114 nnmerum
1220 4017 1416 4106 scribendi
1447 4045 1584 4108 autem

616 4125 736 4214 labor
750 4126 951 4229 infinitus.
981 4163 1103 4252 quum
1119 4136 1243 4224 libros
1273 4131 1486 4340 (srelogido
1501 4164 1584 4236 cre-

1473 4277 1587 4349 rmus,
