3725 5600
439 827 1112 912 Errsrot.Sourrrouraur
1211 850 1266 929 aa

281 940 448 1052 giorem
481 942 688 1054 epistolam
717 940 893 1057 scripfit,
924 942 1153 1052 &plenam
1180 966 1271 1024 om·

282 1058 403 1138 nium
423 1064 598 1147 rerum,
629 1085 716 1169 quae
747 1052 1036 1143 adolescentem
1065 1057 1118 1142 ab
1146 1050 1267 1139 istius-

285 1173 408 1254 modi
429 1171 558 1256 llndio
574 1174 623 1257 ad
640 1178 793 1284 majora
808 1172 988 1286 quaedam
1005 1189 1269 1258 revocarent·

278 1284 549 1376 Meminillet,
570 1318 650 1373 non
667 1287 703 1375 se
721 1290 841 1377 Foro,
859 1292 904 1373 dc
920 1286 1082 1379 litibus,
1100 1285 1165 1373 sed
1181 1288 1269 1371 uni·

281 1400 410 1484 versae
443 1401 674 1490 Christianae
702 1403 954 1517 Reipublicae
983 1426 1124 1489 natum
1166 1398 1267 1487 else:

277 1516 416 1625 Cujus
444 1519 626 1633 gerendae
655 1522 761 1606 ratio
792 1548 876 1605 uon
905 1518 1066 1603 aliunde
1094 1516 1268 1629 peteuda

276 1656 405 1720 erat,
437 1662 557 1747 quarn
573 1664 597 1718 a
613 1632 878 1747 Philosophiae
901 1630 1038 1724 sonte,
1069 1638 1114 1719 δι
1128 1633 1269 1742 cogui-

279 1750 399 1832 tione
418 1779 552 1833 rerum
568 1751 793 1861 divinarum
812 1812 822 1831 .
839 1749 935 1835 Haec
948 1751 1152 1836 Sadoletus
1168 1754 1268 1834 Car·

276 1862 429 1947 dinalis
454 1868 620 1949 inomni
640 1870 751 1952 tedio
765 1863 893 1951 studio
907 1862 1057 1983 semper
1072 1922 1083 1955 ,
1100 1857 1268 1974 maguis-

273 2004 359 2088 que
376 1981 496 2063 rebur
510 1977 680 2066 versatus
698 2045 707 2065 .
734 1986 889 2070 Contra
903 2008 1022 2094 quem
1039 1980 1158 2068 aliam
1177 1979 1268 2089 lipi-

275 2090 430 2179 stolam
448 2094 498 2177 ad
514 2097 683 2182 eundem
700 2096 958 2183 cardinalem
971 2094 1189 2193 Faruesrum
1206 2099 1267 2175 in·

257 2253 261 2259 ·
276 2204 484 2322 scriptam
501 2213 627 2295 edidit
641 2244 664 2299 e
679 2210 820 2299 sorensi
838 2216 955 2299 turba
967 2211 1086 2297 Malla
1100 2209 1267 2322 quidam

278 2324 506 2413 Gallefius‚
528 2330 609 2440 ¹qui
633 2358 770 2414 omnes
787 2350 919 2441 parter
944 2330 1048 2413 illius
1081 2324 1269 2411 senatorii

279 2444 465 2525 muneris
481 2446 770 2553 expromendas
800 2444 871 2531 elle
901 2478 923 2533 e
952 2440 1269 2557 Jurisprudentia

278 2555 522 2646 diffitebau
539 2561 657 2669 idque
676 2586 756 2646 tam
775 2565 923 2676 inepte,
940 2585 986 2647 ut
1001 2588 1139 2655 omnes
1154 2554 1268 2660 intel·

276 2670 495 2785 ligerem,
528 2672 696 2761 caussam
726 2681 891 2763 minime
922 2683 1070 2765 bonam
1103 2670 1267 2785 patroni

279 2785 444 2874 inscitia
480 2788 626 2876 sad'ram
643 2790 716 2878 elle
731 2792 999 2882 deteriorem.
1029 2789 1101 2876 Sed
1116 2790 1270 2874 Audio-

280 2935 344 2990 res
362 2903 531 3016 quidem
548 2907 695 2992 eruditi
710 2911 753 2992 dc
769 2940 933 3021 graves,
959 2915 1079 3022 inque
1095 2908 1153 2990 his
1168 2906 1268 2985 Ger-

277 3049 424 3106 manus
458 3023 525 3106 ille
556 3025 827 3134 Contingiua,
859 3026 987 3112 homo
1015 3024 1142 3134 impia
1173 3020 1268 3103 licet

275 3133 570 3251 superstitione
586 3140 791 3233 imbutus,
820 3140 967 3226 dod'tua
980 3162 1136 3225 tamen,
1152 3139 1196 3220 &
1211 3128 1269 3228 ‚si

273 3254 383 3365 quid
395 3255 446 3336 ad
468 3281 550 3336 rem
568 3260 768 3366 pertinet,
800 3253 1126 3367 Juriscousultns.,
1147 3250 1269 3332 Sado-

277 3368 382 3454 leto¹
403 3372 554 3478 magis,
583 3396 701 3480 quarn
735 3372 863 3456 Malsae
888 3373 1149 3456 assentiuntur
1179 3396 1191 3458 3
1222 3364 1274 3466 ὃς

280 3483 407 3568 aliam
433 3482 507 3568 else
521 3485 669 3570 docent
698 3489 879 3600 regendae
895 3489 1116 3576 Civitatis,
1146 3481 1269 3582 aliam

282 3597 392 3712 Jurir
408 3595 714 3712 interpretandi
750 3603 991 3690 scientiam·
1023 3607 1105 3713 ligo
1132 3622 1270 3701 autem

276 3741 365 3800 nou
384 3716 427 3798 id
445 3717 567 3808 dico,
591 3723 837 3827 nequeenim
869 3719 987 3828 hujus
1003 3716 1057 3802 est
1085 3713 1269 3832 institutae

275 3828 551 3941 ,quatrinum
578 3831 643 3916 sed
672 3853 825 3918 tantum
850 3833 1108 3945 jurisperitos
1139 3830 1269 3934 amice

273 3945 745 4170 turritula
759 3947 1017 4175 alstra
1033 3944 1271 4172 aaran

286 4175 406 4266 blica
437 4179 638 4299 attributa
650 4177 732 4276 eil,
760 4181 803 4380 ip
821 4201 952 4292 tutam
965 4178 1150 4301 invadere
1159 4199 1271 4375 repp-

325 4337 329 4346 ·
807 4305 857 4406 '3
1064 4301 1076 4311 ”
1145 4323 1202 4410 ru
1246 4312 1278 4370 ¹·
