3725 5600
423 833 657 914 Errsroc.
691 827 1102 916 Scrrrromtre
1176 854 1262 930 207-

275 944 477 1030 librorum
507 948 724 1032 duodecim
742 940 1032 1053 Epistolarum,
1062 972 1157 1057 quus
1189 974 1260 1031 no·

275 1063 389 1145 mine
411 1064 553 1147 Leonis
570 1064 619 1145 X.
643 1056 817 1175 scripit,
847 1086 936 1173 quae
949 1064 1045 1148 datu
1073 1061 1127 1145 est
1145 1062 1261 1147 Pata·

273 1180 339 1261 vii
365 1176 494 1262 idibus
525 1180 704 1287 Jnnuarii
733 1200 922 1260 uoxxxv·
957 1176 1008 1266 fic
1039 1176 1258 1264 enimait:

274 1292 372 1407 Qi
399 1302 513 1379 etiarn
531 1303 716 1409 cojuilius
744 1298 794 1380 ad
810 1290 857 1375 Tc
887 1296 979 1381 libri
1005 1302 1165 1381 veniunt
1183 1322 1258 1379 om·

221 1513 224 1521 Ι
276 1412 394 1493 nibus
416 1412 647 1522 politioribus
661 1415 818 1505 literis,
864 1414 1107 1508 &doctrinis
1143 1435 1261 1525 peror-

220 1524 223 1532 ’
275 1546 454 1614 natum,
487 1558 552 1641 quo
580 1536 700 1645 magis
724 1528 789 1645 ipfi
816 1557 857 1611 ra
887 1530 1005 1614 latine
1036 1532 1261 1643 loquuntur,
1297 1630 1300 1637 Ι

276 1670 360 1756 que
389 1642 508 1727 adbuc
542 1648 686 1758 quidem
697 1648 796 1759 satis
812 1647 880 1729 vel
907 1653 1027 1761 inepte
1042 1707 1053 1742 ,
1070 1646 1261 1729 ueletiam

268 1781 491 1874 perperam,
521 1763 624 1847 nulla
656 1763 801 1877 quidem
832 1785 927 1848 certe
955 1790 1037 1849 curn
1054 1766 1262 1877 dignitate,

271 1900 378 1959 more
407 1879 629 1994 exemploque
671 1880 819 1966 urbane
853 1878 1066 1990 &pirensi
1102 1876 1264 1991 discipli·

271 2019 330 2074 ne
356 1990 470 2103 solita
489 1996 582 2107 sunt
606 1996 722 2109 scribi
751 1998 797 2083 ab
828 1994 1076 2110 Epistolarum
1107 1992 1266 2104 Pontis·

273 2108 419 2192 calium
450 2110 676 2228 Mogislris,
705 2122 771 2229 qui
799 2121 959 2228 triginta
985 2116 1046 2227 effe
1073 2113 1265 2224 consueue-

273 2246 400 2309 runt·
430 2222 500 2307 He
528 2235 699 2342 quoniam
723 2230 887 2345 Epiilole
916 2236 1056 2321 multas
1087 2234 1136 2316 ad
1164 2249 1264 2310 exte-

273 2368 350 2424 ras
370 2341 518 2456 persepe
533 2354 698 2431 nationes
708 2349 978 2463 perferuntur,
1010 2351 1073 2461 effe
1103 2347 1187 2459 usui
1202 2364 1283 2427 nu

265 2457 369 2565 sira*
390 2464 460 2540 hae
492 2461 686 2577 diligentia
709 2473 872 2579 poterit,
904 2496 974 2550 non
989 2462 1266 2573 bominibucse·

274 2572 361 2655 lum
390 2576 550 2667 nouus,
574 2580 747 2690 sediliis
777 2588 921 2677 etiem,
952 2581 1003 2666 ad
1033 2610 1117 2696 quos
1133 2605 1174 2661 ea
1195 2604 1264 2661 non

278 2686 458 2794 Romane
470 2692 658 2803 scribendi
686 2699 923 2812 consuetudo,
956 2702 1050 2815 quod
1067 2726 1089 2781 a
1108 2696 1155 2779 R.
1172 2693 1264 2777 Pon·

279 2804 450 2914 rificibus
476 2812 757 2923 proficiscitur,
801 2825 1045 2933 contagionem
1075 2813 1264 2929 quandam

279 2920 401 3028 affert
435 2927 665 3013 tradentium
690 2935 883 3043 masciiate
908 2934 1082 3040 sultam,
1114 2935 1159 3024 cb
1174 2957 1271 3014 com·
1431 2957 1434 2962 ·

275 3035 503 3152 probaram,
533 3065 578 3129 ut
608 3072 732 3128 errare
754 3045 865 3156 seflc
888 3049 1093 3157 scribentes
1108 3075 1176 3128 non
1193 3050 1269 3126 exi-

280 3156 464 3240 flimenr..
499 3156 674 3243 Fuerunt
704 3176 865 3255 tamen,
904 3164 976 3274 qui
1003 3159 1107 3246 hinc
1139 3154 1266 3272 ipsum

279 3269 343 3355 ob
371 3268 570 3364 caulium,
602 3272 716 3386 quod
739 3271 1049 3389 superstitiosam
1065 3273 1268 3391 quandam

280 3385 414 3474 latine
443 3385 638 3477 scribendi
654 3393 856 3479 rationem
872 3392 1128 3490 adhibuerit,
1155 3386 1283 3472 illum¹

184 3557 187 3564 -
278 3530 417 3616 neque
438 3500 597 3592 fortalle
626 3511 792 3626 inepte,
818 3509 1174 3626 reprehenderint.
1206 3507 1274 3587 In·

280 3637 348 3702 ter
379 3649 482 3733 quos
497 3622 721 3711 Ubaldinus
737 3626 1032 3716 Bardinellius:
1060 3627 1132 3742 qui
1162 3623 1271 3708 clu
1429 3661 1431 3666 ·

275 3732 368 3818 »hoc
396 3739 551 3847 judicio
566 3742 607 3823 in
625 3740 799 3854 Epistola
828 3746 881 3833 ad
912 3741 1045 3868 ipsum
1075 3739 1270 3832 lembum

279 3848 385 3939 deta
413 3876 562 3973 purgat
586 3852 690 3947 sele·
939 3869 941 3874 ’
