3725 5600
610 829 670 934 ’ςσ
754 820 1058 907 Bortutcrr
1092 846 1152 905 nr
1184 816 1462 905 Pourrtrn'·

610 948 655 1029 ἃ
685 940 800 1055 plane
817 938 1007 1022 militares
1024 990 1036 1024 t
1065 964 1165 1050 quos
1180 934 1231 1020 fab
1244 936 1409 1049 optimis
1424 930 1595 1043 infringi

602 1058 748 1142 'studiis
786 1052 1065 1139 existimabant
1096 1056 1296 1163 ·-1taque
1334 1049 1596 1134 humaniores

612 1175 923 1260 contemnebant
940 1164 1197 1278 disciplinas,
1221 1194 1321 1281 quas
1335 1168 1595 1279 ignorabant,

612 1286 751 1401 easque
779 1280 1179 1397 Sacerdotibuspene
1210 1280 1301 1367 lolir
1318 1282 1593 1394 reliquerant,

612 1408 684 1517 qui
705 1405 759 1486 ⁴&
775 1398 960 1486 instituto
974 1401 1135 1485 rirendi
1164 1398 1234 1485 luo
1262 1398 1499 1488 uadibus,
1531 1418 1593 1481 at-

612 1550 690 1633 que
704 1521 822 1605 armis
844 1516 1057 1603 abhorrere
1070 1518 1296 1607 debebant,
1319 1516 1363 1597 ἃ
1380 1512 1497 1597 latini
1513 1510 1591 1600 ler-

612 1638 744 1721 monis
773 1632 990 1749 usurpandi
1020 1629 1276 1726 neceffitate,
1304 1628 1455 1745 aliquid
1476 1649 1594 1715 ‘tem-

610 1755 721 1865 poris
738 1778 755 1841 ,’
779 1769 900 1861 atque
929 1774 1063 1862 operae
1093 1747 1439 1861 literisimpertire
1467 1774 1590 1863 coge-

609 1868 757 1951 bantur
773 1924 782 1945 .
814 1867 953 1971 Quum
969 1888 1104 1952 autem
1120 1891 1168 1951 ne
1179 1863 1409 1951 Sacerdotes
1424 1864 1589 1975 quidem

608 1978 712 2092 ipsos
741 1980 936 2098 puderet,
966 1978 1099 2065 lludiis
1115 1980 1332 2096 neglefflr,
1364 2007 1476 2063 arma
1506 2003 1589 2066 tra·

609 2104 745 2186 clare,
775 2116 861 2180 tum
887 2124 985 2182 veto
1014 2125 1224 2210 peromne
1249 2097 1445 2181 vitiorum
1461 2123 1588 2209 genus

608 2216 760 2298 victrix
786 2215 920 2329 erupit
958 2216 1186 2327 ignorantia
1217 2212 1423 2299 literarum
1454 2275 1466 2309 ,
1496 2239 1586 2324 quae

575 2362 579 2369 ·
607 2326 688 2413 late
717 2327 1094 2442 longequediffusa,
1121 2321 1284 2417 ottlnem
1300 2324 1388 2415 fere·
1410 2330 1589 2415 extinxit

605 2446 755 2559 ubique
784 2446 826 2527 δι
844 2447 1040 2531 bonarum
1058 2449 1203 2533 artium
1219 2449 1263 2531 ’δι
1279 2445 1490 2530 latinitatis
1506 2440 1588 2533 sen·

579 2598 581 2605 ·
605 2556 718 2643 sum.
746 2556 842 2673 lplae
860 2581 946 2644 tum
975 2559 1152 2674 epistolae
1171 2555 1414 2646 Pontificum
1429 2562 1587 2649 Roma·

599 2696 750 2759 norum
782 2680 989 2761 communi
1004 2676 1080 2761 hac
1098 2675 1266 2763 luerunt
1280 2697 1511 2791 temporum
1530 2677 1586 2765 la·

603 2790 655 2875 be
685 2795 999 2882 contaminatae,
1029 2790 1148 2878 nullae
1165 2815 1212 2880 ut
1240 2797 1586 2908 extentaGrego.

602 2907 675 2989 rio·
696 2909 831 2992 Primo
846 2911 898 2993 ad
929 2913 1173 3020 Gregorium
1191 2910 1312 3024 usque
1337 2911 1585 3025 Septimum,

577 3087 578 3094 t
602 3027 917 3136 quatientem
950 3024 1123 3111 habeant
1149 3027 1328 3142 ‘aliquam
1359 3031 1583 3114 orationis.

658 3140 717 3221 At
746 3141 965 3256 Gregorius
995 3145 1192 3257 Septimus
1221 3142 1447 3229 liberalibus
1463 3142 1584 3231 disci.

596 3251 735 3368 ‹plin'is
757 3254 873 3353 satis,
904 3283 950 3344 ut
965 3257 1034 3343 illa
1051 3279 1193 3349 aetate,
1226 3259 1464 3358 instructus,
1497 3265 1584 3348 ani·

595 3370 900 3487 mumipsum,
929 3403 1049 3488 quem
1079 3376 1221 3462 habuit
1249 3407 1273 3462 a
1303 3396 1476 3473 natura,
1506 3379 1580 3474 δε,

601 3514 722 3597 quem
754 3493 1019 3574 maximarum
1047 3518 1179 3576 rerum
1204 3489 1352 3580 affidua
1382 3555 1395 3586 ‚
1435 3499 1584 3582 acerri-

595 3625 746 3714 meque
776 3607 1026 3717 cogitatione
1050 3633 1309 3700 exercuerat,
1341 3607 1578 3706 robustum,

596 3739 721 3830 atque
753 3718 948 3806 excelsum
965 3722 1171 3809 attulitad
1187 3722 1434 3835 scribendum
1454 3781 1465 3801 ·
1495 3732 1578 3815 lta·

593 3855 676 3946 que
704 3833 774 3921 etfi
804 3839 834 3921 is
856 3867 940 3922 non
969 3838 1148 3924 discedat
1174 3847 1366 3932 omnino.
1385 3839 1427 3927 ⁴fi
1455 3847 1579 3933 rerba

592 3947 764 4062 spectes.
787 3953 831 4036 δε
859 3985 1069 4044 numerum
1096 3990 1175 4053 ,a
1204 3962 1386 4046 barbarie
1415 3958 1576 4050 suorum

593 4085 828 4175 temporum
844 4125 857 4160 ‚
875 4071 1075 4159 sententiis
1089 4097 1225 4159 temen
1240 4079 1297 4157 ita
1313 4076 1570 4188 grandis'est,

589 4180 663 4266 ita·
684 4179 1380 4313 incitatuss.uttnimorlegentium
1395 4194 1570 4282 obruere

604 4350 607 4358 .
721 4341 725 4348 .
1495 4338 1565 4398 au,
1671 4342 1672 4353 t
