3725 5600
583 862 669 926 220
726 833 1034 915 Bouuureu
1062 850 1120 909 oo
1149 826 1425 916 Pourrrrc.

583 958 635 1040 ab
661 946 892 1062 Hippolyto
919 942 1125 1028 Gardiuali
1158 945 1376 1043 Medium,
1406 949 1474 1034 die
1502 975 1567 1057 ις.

585 1067 733 1178 Aprilis
748 1092 839 1146 aun.
864 1087 982 1169 ¹535·
1009 1061 1051 1140 iu
1078 1062 1223 1146 Arcem
1241 1062 1463 1149 Adrianam
1496 1070 1573 1153 de-

585 1181 709 1269 trusus
726 1179 793 1273 est,
810 1207 833 1261 a
849 1204 928 1289 qua
945 1177 1009 1260 die
1025 1172 1165 1261 ultima
1181 1178 1385 1274 Onobris,
1408 1200 1455 1263 ut
1471 1210 1573 1267 nar·

584 1320 648 1385 rat
661 1295 769 1379 Felix
785 1291 1041 1378 Gonteiorius
1069 1313 1183 1406 parte
1208 1288 1376 1378 secunda
1393 1296 1566 1385 Eleuchi
1674 1308 1676 1345 ‘

584 1418 670 1499 S.R.
684 1411 723 1491 Ε.
735 1412 843 1494 Card.
856 1409 1020 1518 dimiffus
1025 1408 1120 1517 fuit,
1137 1438 1217 1495 cum
1231 1418 1341 1524 prius
1357 1412 1399 1521 se
1413 1419 1562 1525 erraffl,
1674 1412 1676 1469 ¹

587 1564 631 1617 ac
647 1530 827 1642 deliqueffe
846 1526 974 1635 fuiffet
988 1525 1188 1636 coufeffus,
1210 1554 1254 1609 ac
1272 1528 1465 1639 persolutis
1484 1532 1567 1616 Du·
1675 1564 1676 1569 ‘

588 1657 683 1733 catis
703 1670 855 1730 nouem.
886 1642 1216 1755 &quinquaginta
1234 1643 1397 1737 millibus
1413 1656 1503 1759 auri
1510 1649 1566 1760 so
1675 1634 1676 1661 ¹

584 1764 663 1850 lidi.
683 1758 820 1847 Molza
836 1758 1018 1867 vero‚qui
1034 1758 1155 1840 Card.
1166 1754 1393 1873 Hippolyto
1410 1786 1499 1847 erat
1514 1790 1563 1850 ex

586 1881 739 1965 intimis
764 1871 1026 1958 familiaribus
1044 1872 1223 1986 ,plenam
1255 1878 1399 1959 veneni
1415 1882 1562 1965 oratio.

585 2023 676 2081 nem
708 1984 945 2101 scripfit‚iu
963 2015 1132 2102 eumque
1162 1992 1342 2077 invectus
1374 1990 1433 2078 est
1462 2017 1558 2079 tam-

582 2138 704 2223 quam
729 2102 1085 2222 depeculatorem,
1105 2126 1421 2223 vexatoremque
1439 2115 1560 2199 totius

582 2230 717 2312 Piceni
735 2287 744 2306 .
759 2226 949 2335 Ceterum
964 2218 1121 2307 summis
1138 2224 1404 2337 Principibus,
1422 2258 1470 2313 ac
1481 2233 1559 2312 Ca-

583 2343 677 2427 rolo
693 2345 739 2425 V.
754 2341 996 2453 imperatori
1013 2337 1089 2423 fuir
1103 2340 1145 2423 iu
1162 2344 1301 2452 primis
1317 2370 1455 2441 carus,
1469 2373 1560 2429 cum

585 2463 642 2546 ob
658 2460 801 2545 miram
818 2459 859 2540 in
876 2458 992 2541 rebus
1008 2457 1189 2571 gerendis
1213 2456 1416 2565 solertiam
1433 2523 1445 2557 ,
1477 2482 1559 2547 tum

581 2578 638 2661 ob
655 2575 845 2660 eximiam
871 2574 1163 2659 eruditionem.
1182 2576 1336 2661 Literas
1353 2604 1556 2690 nunquam
1675 2632 1676 2651 r

582 2696 666 2776 non
682 2691 841 2783 coluit,
871 2691 1019 2800 quibus
1051 2689 1203 2802 liquida
1235 2689 1408 2821 quadum
1442 2695 1556 2781 volu·
1674 2772 1675 2779 r

579 2829 694 2920 ptate
735 2802 923 2917 perfundi
967 2805 1003 2890 se
1032 2805 1255 2894 affirmabat
1284 2849 1305 2891 .=
1326 2812 1433 2894 Cum
1464 2810 1552 2897 effet
1674 2823 1675 2852 ¹

580 2922 799 3008 admodum
814 2923 922 3005 dives
939 2933 1151 3033 pecuniam
1170 2926 1208 3008 in
1227 2926 1407 3014 literatos
1425 2927 1555 3013 homi·

580 3069 647 3124 nes
674 3041 782 3152 large
803 3037 1059 3129 effundebat,
1089 3070 1188 3155 quos
1220 3048 1342 3129 etiam
1375 3039 1556 3156 frequen·
1674 3045 1675 3052 ‘

580 3153 721 3241 tissime
738 3160 777 3237 in
793 3158 1027 3240 convivium
1047 3157 1286 3243 adhibebat.
1318 3161 1412 3270 Qu
1437 3164 1490 3246 de
1515 3190 1555 3246 re
1674 3177 1675 3196 ¹

579 3273 819 3386 perlegenda
843 3269 898 3354 est
922 3271 1087 3384 epistola
1108 3276 1288 3387 quaedam
1308 3275 1450 3386 angeli
1469 3275 1553 3362 Flo-
1674 3311 1675 3322 ¹

577 3391 756 3472 rentioiae
780 3394 1107 3498 nuncupatoria,
1138 3420 1258 3504 quam
1286 3398 1466 3506 primum
1485 3425 1556 3479 nu·

576 3535 651 3618 per
678 3509 733 3587 in
748 3505 876 3588 lucem
908 3505 1036 3588 edidit
1060 3509 1194 3592 Petrus
1210 3515 1410 3594 Antonius
1426 3513 1555 3595 Serra·

576 3619 659 3717 sius,
677 3623 738 3702 vir
752 3616 840 3703 saue
853 3623 1059 3710 eruditus,
1089 3626 1132 3706 δε
1149 3611 1402 3712 amiciffimus
1431 3657 1553 3723 meus,
1674 3689 1675 3706 r

577 3742 646 3848 qui
665 3761 748 3822 tam
762 3739 922 3821 uberem
938 3755 985 3822 ac
1004 3735 1210 3826 mirificam
1243 3741 1551 3829 ciarissimorum
1674 3777 1675 3782 ¹

575 3858 786 3942 virorum,
817 3860 885 3966 qui
917 3855 1145 3941 iaeculoxvr
1193 3857 1450 3955 floruerunt,
1482 3887 1555 3942 no-

575 3970 707 4052 titiam
724 3969 844 4055 habet
865 4029 876 4056 ‚
908 3992 953 4053 ut
969 4001 1061 4057 cum
1080 3979 1124 4057 iis
1142 3976 1304 4067 viriste,
1331 3979 1373 4058 &
1402 3975 1553 4060 versari

575 4086 808 4169 etiamnum
827 4088 1034 4175 videatur:
1067 4092 1120 4174 fin
1153 4096 1270 4177 verba
1304 4091 1373 4176 ista
1409 4091 1553 4205 episto-
1673 4141 1674 4144 κ

574 4195 623 4282 lae
642 4223 659 4280 τ.
681 4200 763 4315 egu
780 4233 848 4288 nou
863 4203 882 4286 i
897 4209 1002 4294 mairo
1017 4231 1157 4326 tempo,
1185 4212 1247 4300 che
1273 4211 1548 4410 ritrovaudzlulri
1672 4223 1674 4288 t

1525 4352 1549 4408 a
