3725 5600
608 842 675 925 ,nn
770 808 1474 897 dourrtrcrr‘anortrrtr'e,

619 928 667 1016 fit
680 928 730 1012 rle
746 925 864 1010 nostri
881 926 1051 1008 muneris
1067 918 1529 1041 praeliantindifputure,
1550 920 1609 1010 δι

619 1046 693 1129 drt
704 1047 828 1127 etism
845 1041 1079 1135 materiem,
1098 1042 1154 1125 .&
1169 1034 1276 1152 quali
1289 1031 1453 1132 filvnm,
1483 1038 1606 1125 unde

614 1187 665 1243 ca
678 1185 813 1242 eruum
829 1212 841 1247 ‚
871 1182 959 1269 quae
974 1154 1143 1240 dicenda
1158 1151 1256 1239 mihi
1272 1151 1464 1243 ridentur
1478 1152 1608 1269 prul·

617 1273 662 1357 lo
692 1275 884 1357 attentius
909 1271 1145 1380 cogitanti,
1183 1266 1311 1381 qualis
1339 1264 1414 1353 effe
1444 1268 1607 1355 debeat

613 1382 920 1476 ·Pontificinrum
942 1388 1132 1500 'Scriptor
1163 1381 1451 1500 Epistolrrum.
1481 1384 1605 1473 Nam

616 1506 741 1618 quu'm
755 1531 806 1590 ex
820 1502 1030 1599 humanm,
1054 1500 1280 1614 divineque
1296 1494 1502 1614 potestatis
1517 1502 1606 1584 rni-

612 1614 726 1705 ssrifice
740 1618 907 1704 inducta
935 1620 1219 1727 conjunctione
1240 1613 1482 1725 magnitudo
1504 1617 1605 1705 exi·

615 1732 690 1820 liet
705 1727 924 1819 Pontificiae
955 1729 1189 1842 majestatis,
1219 1757 1270 1816 er
1299 1728 1453 1845 duplici
1486 1758 1602 1841 quo-

611 1878 693 1963 que
709 1847 967 1962 politicarum
982 1904 994 1940 ‚
1009 1844 1282 1958 sacrarumque
1295 1873 1431 1932 rerum
1449 1847 1600 1958 cogni-

616 1969 729 2048 tione
750 1966 875 2073 genus
884 1962 983 2047 illud
999 1961 1193 2047 scribendi
1214 1953 1435 2046 efflorescit
1451 1961 1600 2046 Ponti-

612 2073 874 2167 ficiMnximo
890 2077 1407 2187 accommodatum‚eoque
1421 2076 1599 2188 dignum
1643 2166 1651 2179 ‚

609 2196 847 2309 Scriptore‚
876 2223 1004 2309 quem.
1024 2198 1234 2311 quaerimus
1265 2252 1276 2273 .
1302 2194 1453 2277 Omnes
1481 2193 1598 2280 enim

613 2309 707 2395 illos
737 2311 928 2404 derideo,
958 2334 1079 2425 atque
1107 2331 1357 2404 contemno,
1381 2310 1453 2420 qui
1481 2304 1597 2393 hnnc

613 2424 874 2540 Epilloltrurn
891 2431 1135 2541 Scriptorem
1163 2427 1365 2536 optimum
1393 2426 1595 2535 interpre-

613 2561 778 2629 tantur.
810 2539 1008 2627 fiinrnem
1023 2541 1265 2653 quamdam,
1289 2536 1416 2623 modo
1430 2538 1595 2650 elegan-

615 2676 831 2764 tentatque
849 2660 1054 2743 urbanam,
1068 2655 1345 2739 elocutionem
1361 2650 1515 2745 efferum
1532 2680 1593 2742 at*
1621 2725 1625 2731 .

614 2796 695 2883 que
723 2773 824 2855 adeo
838 2800 909 2858 nos
928 2769 1186 2858 sanctioribus
1201 2766 1595 2860 exclusosdodirinae

615 2887 886 3002 penetralibus
910 2892 952 2971 in
983 2890 1060 2973 hoc
1093 2887 1287 2973 scribendi
1317 2916 1456 2972 munus
1480 2915 1598 2973 corn.

615 3004 817 3116 pingunt,
847 3004 1235 3115 atquedetrudunt,
1266 2997 1374 3118 quali
1405 3006 1447 3085 in
1462 3002 1598 3088 humi·

613 3117 696 3200 lem
709 3113 908 3204 officinam
938 3124 1179 3211 verborum,
1211 3149 1294 3206 non
1319 3147 1477 3204 rerum·
1510 3121 1599 3233 Ego

616 3259 714 3318 tero
728 3236 930 3329 arbitror,
948 3237 1196 3350 Scriptorem
1213 3233 1433 3352 perfecium
1462 3232 1595 3332 illum,

614 3347 761 3462 dequo
777 3349 1004 3463 loquimur,
1030 3354 1073 3434 δι
1088 3382 1220 3438 rerum
1236 3349 1502 3438 instrumentis
1518 3405 1532 3440 ,
1548 3353 1597 3435 &

615 3470 862 3550 ornamentis
893 3470 1109 3552 verborum
1140 3468 1344 3554 abundare
1375 3487 1600 3575 oportere.

482 3574 487 3586 ‘
614 3579 692 3662 Sed
723 3580 773 3662 de
788 3582 1033 3665 verbirmox
1060 3587 1138 3669 erit
1163 3580 1316 3670 sermo,
1350 3581 1601 3668 nuncdere-

612 3691 714 3780 bus,
748 3721 842 3806 quas
859 3697 1019 3804 quidem
1041 3727 1178 3784 omnes
1194 3698 1275 3784 fere
1302 3701 1346 3782 dt
1369 3723 1421 3780 ex
1451 3700 1602 3784 intima

613 3805 880 3920 Philosophiae
896 3834 1038 3926 parte,
1069 3842 1156 3927 quae
1173 3817 1340 3930 politice
1354 3814 1505 3896 dicitnr
1525 3815 1601 3908 ,δε

611 3929 678 4008 ex'
697 3929 931 4036 cognitione
950 3958 1080 4014 rerum
1108 3936 1337 4024 divinarunt
1359 3928 1598 4020 hauriendas

612 4037 684 4120 elle
700 4039 818 4124 dico.
851 4041 947 4128 Haec'
975 4044 1031 4129 est
1059 4051 1168 4134 enim
1198 4077 1275 4132 una
1306 4048 1479 4135 maxime
1493 4047 1599 4128 Scri·

612 4155 726 4267 ptori
754 4152 890 4245 nostro
923 4158 1100 4274 subjecta
1125 4167 1310 4252 materies
1343 4216 1355 4241 ·
1384 4163 1491 4250 Nam
1514 4167 1598 4362 liud

1472 4303 1530 4391 1²0
1590 4377 1594 4382 ,
