3725 5600
198 878 200 961 i

412 832 1104 935 ΥἘιηενυιζδἐιιητοιιηῐη
1200 870 1257 955 4ς

197 967 199 999 *
272 959 474 1056 nitimum
490 963 633 1045 uitium
649 958 885 1049 delabuntur
899 994 913 1059 ,·
942 985 987 1049 ut
1000 961 1196 1050 sacrarum
1213 963 1261 1049 li·

193 4241 199 4249 .
288 4197 471 4298 tionem,
499 4199 544 4282 δι’
558 4195 661 4286 hanc
674 4197 819 4284 vitabit
828 4191 1039 4287 :sacrarum
1053 4191 1261 4289 literarum

276 1086 463 1159 terarum
481 1078 610 1159 verbis
627 1096 776 1163 temere
790 1076 1065 1192 effraenateque
1095 1080 1262 1165 abutan-

278 1206 384 1274 tur?
418 1188 581 1273 Nollem
598 1188 672 1275 hac
688 1195 727 1275 in
743 1222 787 1277 re
804 1216 1016 1307 peccatum
1031 1192 1103 1279 effe
1118 1194 1168 1279 ab
1182 1222 1262 1290 eo.

276 1308 533 1417 quicumque
563 1305 725 1391 tandem
742 1305 818 1391 fuit
832 1314 973 1394 nudior
997 1308 1101 1394 illius
1119 1305 1263 1420 episto-

276 1417 360 1515 lae,
394 1423 437 1502 in
468 1447 545 1530 qua
565 1422 665 1505 :Pius
691 1426 744 1507 ll·
775 1420 1018 1509 dodiiffimus
1050 1421 1261 1515 Pontifex.

278 1562 413 1647 quum
443 1540 525 1645 jam
555 1532 682 1622 senem
700 1542 885 1625 Maurum
915 1542 1070 1623 Ducem
1089 1542 1262 1625 Veneto·

279 1678 374 1736 rum
400 1653 452 1735 ad
470 1650 616 1735 beilum
632 1654 844 1754 Thracium
862 1655 1115 1743 hortaretur,
1130 1652 1260 1767 quod

279 1766 1260 1886 mmmmmfflwmm

281 1883 569 1995 Imperatore,
587 1887 934 1996 -quian'noserat(
952 1890 1052 1971 bene
1079 1880 1261 1970 fimemi·
1361 1929 1363 1933 v

282 1998 325 2080 ni
341 2008 358 2099 )
375 2000 596 2111 oe‘ioginta
620 2022 759 2097 natus,
786 1998 890 2087 hanc
906 1998 1012 2087 suam
1032 2028 1133 2085 eum
1160 2000 1260 2087 duo-

281 2112 355 2196 bus
372 2111 453 2195 illis
471 2114 620 2200 senibus
652 2119 978 2226 conjunctionem
1002 2119 1151 2231 senilem
1169 2138 1259 2201 >non

283 2228 494 2314 dubitarit
524 2231 728 2347 appellare
761 2230 984 2319 Trinitatem
1014 2285 1025 2309 ·
1056 2227 1257 2340 Frigidum

282 2340 375 2428 fane
391 2342 547 2429 dietum
564 2408 576 2441 ,
606 2376 732 2461 neque
748 2344 1003 2433 Pontificium
1020 2407 1030 2430 .
1060 2348 1107 2430 Et
1125 2368 1259 2429 tamen

285 2456 363 2543 hoc
379 2458 559 2545 erratum
577 2460 693 2548 facile
723 2458 1074 2577 praetermififfem,
1104 2455 1173 2544 nin
1187 2483 1259 2543 no·

285 2596 418 2660 tatum
433 2575 485 2659 ab
499 2578 586 2661 aliie
602 2574 833 2665 diffimulari
849 2608 928 2665 uon
942 2577 1087 2694 poffet,
1100 2577 1144 2659 &
1161 2600 1256 2688 prae·

286 2688 397 2776 terea
426 2697 597 2781 maxime
624 2692 716 2784 esset
743 2692 890 2812 infigne
923 2697 974 2779 ad
1004 2693 1254 2781 carendum·

285 2811 397 2906 Nam
428 2810 536 2918 quod
553 2813 784 2898 Sane‘torum
801 2815 967 2898 Petrum
991 2813 1162 2896 'nomina
1184 2833 1257 2919 op·

288 2943 450 3040 ponunt
467 2965 484 3019 ,-
508 2930 682 3014 maxime
711 2927 854 3014 vellem
869 2927 941 3015 hos
956 2952 1039 3013 tam
1069 2930 1170 3011 bene
1198 2923 1259 3008 illi

287 3043 572 3129 imitarentur,
603 3071 722 3154 quam
752 3071 828 3154 ego
844 3041 965 3127 laudo
995 3039 1258 3126 &admitor.
1295 3056 1297 3061 '

287 3155 551 3242 Imitarentur
567 3162 703 3249 enim,
733 3185 821 3272 quae
840 3161 992 3266 majora
1020 3153 1108 3240 funt
1135 3156 1259 3240 ineo·

287 3267 573 3387 rumscriptie,
606 3271 856 3360 sanititatem
878 3273 1096 3358 doetrinae,
1124 3272 1260 3382 grati·

289 3407 499 3501 ratemque
530 3384 842 3484 sententiarum,
869 3412 950 3473 non
981 3388 1135 3472 minora
1163 3384 1258 3482 illa,

291 3531 377 3618 quae
408 3527 638 3615 temporum
668 3509 770 3593 uitio
800 3499 1077 3618 irrepserunt·
1107 3500 1259 3610 Qum·

291 3639 412 3735 quam
442 3647 491 3704 ne
506 3623 546 3703 iu
561 3615 742 3711 Patribus
773 3623 933 3734 quidem
962 3615 1104 3704 desunt
1125 3645 1260 3713 exeme

288 3736 358 3848 pla
390 3735 516 3821 latine
546 3734 776 3822 scribendi..
795 3739 898 3844 qur
927 3738 1034 3820 enim
1049 3735 1259 3844 Cypriano

288 3849 554 3961 elegantior?
600 3857 685 3964 quir
716 3855 929 3938 [anantio
974 3847 1259 3958 eloquentior?

268 4021 273 4035 ·
289 3965 467 4066 Prudens
495 3969 617 4076 igitur
636 3961 945 4051 ‘Pontificiarum
961 3965 1148 4073 Scriptor·
1170 3963 1261 4075 Epie

290 4077 488 4167 stolarum
503 4081 748 4169 &vitiosam
763 4079 872 4164 illam
902 4076 1028 4189 fugiet
1050 4098 1259 4179 coacerva,-

1142 4301 1262 4392 trani.
