3725 5600
579 829 672 891 200.
718 804 1023 889 Bonrrrrcn
1054 829 1111 885 nr
1142 800 1424 891 Ponrrrrc.

688 921 929 1029 ferendarius
952 918 1100 1029 summa
1123 924 1363 1031 integritare.
1383 922 1442 1003 do·

692 1043 846 1129 lirina,
871 1033 1072 1147 religione,
1094 1036 1289 1147 justinia,
1332 1043 1439 1121 vixit

697 1183 813 1237 annor
830 1174 961 1231 axxn.
981 1148 1032 1235 ob.
1049 1162 1108 1233 28.
1124 1149 1219 1262 Sept·
1236 1178 1299 1233 an·
1315 1174 1442 1235 mon.

594 1318 606 1331 ·
750 1262 913 1383 Jacobus
928 1264 990 1353 Fr.
1006 1263 1291 1352 Benemer'rnrib·
1309 1263 1387 1376 Pos-

657 1502 974 1592 cononem
1003 1470 1483 1591 ronocrrnr’rus.

673 1739 881 1827 Udorieus
911 1738 1211 1828 Podocatharur
1252 1768 1303 1828 ex
1332 1734 1547 1855 pervetusta

691 1854 1009 1972 nobiliffimaque
1042 1855 1192 1943 familia
1223 1859 1353 1972 Cypri
1390 1878 1505 1941 natus
1531 1914 1543 1947 2

572 1974 782 2091 postquam
815 1975 968 2060 Patavii
1001 1973 1252 2059 humaniores
1281 1976 1447 2067 literas,
1494 1967 1540 2057 le-

571 2086 822 2205 verioresque
869 2088 1094 2206 disciplinas
1124 2092 1282 2207 egregie
1326 2088 1547 2186 didiciffet‚

573 2208 754 2294 Romam
771 2205 808 2291 le
821 2207 1020 2304 contulit,
1036 2207 1102 2293 ubi
1119 2212 1296 2320 primum
1311 2208 1362 2291 ab
1381 2204 1551 2291 Alexan·

575 2325 652 2408 dro
684 2325 753 2407 vl.
784 2320 998 2440 Episcopus
1029 2317 1369 2441 caputaquenfis,
1413 2321 1552 2407 deinde

573 2442 805 2527 Secretarr‘nr
834 2444 1084 2554 Apenninus,
1118 2441 1290 2552 denique
1321 2455 1478 2524 creatus
1501 2433 1552 2519 est

574 2554 790 2669 Presbyter
820 2557 1044 2643 Cardinalis
1076 2558 1159 2641 Tit·
1174 2560 1209 2641 S·
1229 2554 1402 2671 Agathae
1427 2558 1469 2639 in
1485 2555 1551 2637 Su·

572 2670 707 2756 burra·
732 2673 988 2785 Qamquam
1005 2675 1045 2756 in
1063 2668 1299 2789 sepulchrali
1318 2666 1553 2785 Inscriptio·

573 2815 626 2872 ne
642 2785 813 2873 nulla'srt
830 2791 1001 2879 mentio,
1028 2807 1158 2888 tamen
1186 2785 1552 2900 Archiepilcopatu

571 2907 696 2990 etiam
727 2906 1011 2992 Beneventano
1024 2929 1213 2992 ornatum
1230 2903 1337 2992 luille
1352 2901 1442 2988 latis
1459 2931 1556 2988 con·

571 3016 677 3116 stat,
724 3023 1004 3132 quamSedem
1036 3047 1238 3137 nunquam
1271 3024 1401 3113 adiit,
1442 3019 1556 3134 quod

570 3141 716 3224 Rornae
733 3143 952 3256 Signaturae
982 3140 1165 3224 Brevium
1200 3134 1400 3250 proeellet.
1429 3139 1550 3252 Opti·

551 3282 639 3348 *ma
668 3256 764 3340 dum
797 3259 899 3343 vixit
928 3252 1078 3370 semper
1096 3252 1180 3340 usur
1210 3253 1265 3337 est
1296 3254 1555 3341 valetudine.
1680 3263 1681 3268 '

571 3368 813 3457 ciacconius
846 3376 1031 3467 Romae,
1071 3371 1141 3456 alii
1186 3373 1293 3487 apud
1329 3369 1556 3458 Olduinum

572 3485 795 3572 Mediolani
819 3486 956 3574 obiille
981 3487 1167 3579 tradunt.
1201 3491 1298 3574 dum
1326 3489 1375 3572 ad
1411 3483 1555 3601 Hispa·

572 3604 728 3685 uiarum
754 3606 905 3717 Regem
925 3599 1273 3715 proficisceretur·
1307 3607 1353 3688 ln
1378 3602 1553 3718 Templo

568 3719 606 3800 8.
623 3719 759 3803 Mariae
790 3720 839 3804 de
871 3719 1056 3832 Populo,
1092 3723 1133 3804 in
1162 3753 1246 3836 quo
1270 3719 1465 3806 Sacellum
1483 3748 1552 3804 ex·

432 3925 436 3932 ¹
569 3837 734 3930 munit,
761 3863 973 3948 annuoque
1005 3839 1056 3922 ad
1086 3841 1369 3951 quotidianum
1404 3830 1550 3922 lactifi-

565 3950 679 4032 ciu'm
710 3951 826 4039 censu
854 3955 1042 4044 dotavit,
1071 3979 1185 4040 extat
1202 3950 1548 4043 marmoreumlc·

567 4063 782 4185 pulchrum
811 4097 905 4158 cum
920 4070 997 4160 hac
1012 4068 1309 4194 Inscriptione·

1450 4304 1546 4396 Lar
