3725 5600
434 872 673 959 Emsnou·
705 868 1107 957 Semnonum
1183 896 1267 968 ²77

274 984 450 1071 ostano
468 992 644 1100 primum
661 985 841 1106 placuit,
872 992 986 1095 cujus
1004 989 1128 1071 etiam
1145 984 1189 1067 δι
1204 989 1269 1067 Se·

280 1112 472 1189 matarius
496 1107 540 1187 δε
559 1104 821 1189 Cubicularius
844 1100 947 1189 fuit:
981 1101 1124 1185 deinde
1141 1126 1267 1211 quum

279 1214 430 1301 elatius
446 1217 482 1302 se
497 1218 533 1303 se
545 1242 726 1335 gereret,
760 1213 911 1333 ipsique
943 1245 1024 1301 non
1055 1216 1264 1300 dubitaret

282 1330 501 1418 detrahere
517 1330 705 1419 Pontifici
724 1394 735 1427 ,
751 1336 821 1449 qui
837 1355 925 1419 erat
940 1334 1111 1417 Poetieae
1126 1329 1278 1444 gloriae-

281 1444 592 1560 uu-pidissimus,
617 1449 724 1535 Aula
740 1445 915 1534 detrusus
932 1445 1015 1567 spes
1028 1473 1168 1533 omncs
1183 1442 1271 1530 suaa

274 1566 473 1675 corrupit
499 1623 510 1655 .
543 1589 666 1678 atque
693 1568 735 1651 in
769 1566 998 1657 Picenum,
1026 1584 1075 1648 ut
1106 1561 1268 1675 oppido

274 1678 449 1761 cuidam
477 1682 678 1797 praeesset,
709 1680 939 1793 ablegatus,
973 1706 1176 1773 moerens,
1209 1701 1272 1762 at-

275 1820 366 1904 que
397 1794 591 1909 inglorius
621 1792 812 1883 daceffit..
840 1797 976 1883 Multa
1000 1794 1051 1883 db
1076 1794 1157 1879 hoc
1172 1798 1271 1909 Ery·

279 1907 433 1993 thracus
467 1916 508 1997 in
539 1912 809 2013 Pinacotheca
842 1908 937 1998 sua.
967 1912 1070 1997 Item
1099 1913 1275 1995 Lauren·

277 2023 367 2107 nius
397 2024 552 2115 Crass'us
583 2031 624 2112 in
651 2030 804 2143 iilngiis
819 2086 836 2122 .,
863 2026 1181 2114 crescimbenius
1214 2050 1276 2118 m·

277 2166 339 2223 mo
355 2166 416 2224 nu.
437 2146 590 2256 summm
612 2146 968 2232 Commentariorum
991 2154 1191 2261 pag-189·
1227 2144 1273 2227 &
1422 2220 1424 2224 ,

276 2252 370 2341 Leo
386 2258 561 2345 Aliatius
578 2263 619 2346 in
636 2262 776 2377 Apibus
790 2263 995 2387 Urbauis·
1133 2292 1137 2299 ·
1197 2304 1203 2313 ·

362 2484 800 2595 FRnNcuscus
830 2494 1177 2587 HERRERA·
1291 2480 1299 2492 ⁴

276 2718 644 2900 ERuditionem
661 2730 754 2829 hic,
786 2732 841 2820 &n
856 2737 1049 2856 pietatem
1073 2760 1126 2821 eu
1153 2726 1283 2818 disci·'

391 2842 510 2956 plina
535 2849 779 2956 Jesuitarum
807 2852 963 2947 haufit,
991 2879 1165 2968 quorum
1182 2849 1272 2961 pri·

272 2983 390 3044 mum
416 2960 597 3048 niumnus
617 3021 629 3054 ,
659 2968 805 3052 deinde
814 2967 951 3055 socius
968 2970 1126 3085 aliquot
1143 2988 1269 3048 annos

274 3069 361 3159 -fuit
378 3130 389 3152 ·
423 3077 535 3160 Nam
548 3105 657 3189 aqua
673 3085 874 3168 intercute
885 3083 1077 3167 ‘laborans
1094 3080 1271 3164 Societa-

279 3207 370 3275 ·tem
402 3192 558 3278 inuitus
588 3197 761 3282 invitam
786 3196 985 3312 aeiiquit.
1014 3195 1064 3280 Id
1083 3197 1194 3279 enim
1211 3216 1268 3278 a.»

275 3301 482 3391 Pontifice
493 3310 646 3396 Pnatrea
662 3317 744 3424 ejus
760 3315 1098 3430 impetrauerant..
1124 3309 1270 3418 Quum

277 3421 454 3508 Savonae
465 3425 484 3515 '‚
515 3429 584 3513 ubi
602 3430 613 3510 i
617 3426 685 3541 pse
701 3452 817 3549 patre
828 3427 1016 3548 ¹Hispano¹
1028 3448 1143 3513 natus
1157 3443 1271 3518 erat,

273 3559 455 3652 propter
469 3541 581 3627 Coeli
594 3542 872 3635 inlubritatem
889 3540 1271 3641 convaluiffetmo·
1379 3614 1381 3618 ,

274 3675 394 3738 *Μ
414 3657 565 3753 rediit,
597 3659 821 3748 &Tusculi
844 3662 1088 3776 plerumque
1103 3655 1270 3750 vivebat

274 3763 321 3848 in
338 3769 440 3854 uilia
455 3770 598 3883 procul
616 3775 668 3859 ab
683 3781 1070 3867 omniambiaione,
1101 3781 1146 3860 ὃ(
1175 3771 1269 3872 nm-

276 3883 398 3992 pitu·
431 3887 496 3972 lbi
516 3909 657 3972 tamen
686 3895 913 3978 amicitiam
941 3897 1083 3977 nactus
1101 3888 1156 3977 est
1170 3894 1269 3972 Car·

273 3993 426 4084 -aiinalis
443 4001 591 4112 Maffaei
608 4007 810 4094 Barbanini
828 4065 840 4102 ‚
895 4013 934 4094 ui
954 4040 1007 4095 eo
1033 4012 1075 4092 in
1091 4006 1186 4091 loco
1201 4033 1269 4088 ru·

280 4105 420 4246 sticani
446 4117 739 4214 consueverat,
766 4039 1069 4238 suaviifimisque
1086 4122 1267 4209 Herrerae

279 4225 462 4346 moribus
490 4288 503 4326 ‚
531 4237 577 4321 δι
599 4235 785 4327 domnina
816 4240 1092 4328 delectabatur
1121 4307 1130 4326 .
1163 4243 1269 4441 Ρεὲα-

794 4359 817 4440 S
846 4383 870 4471 3
1164 4355 1197 4442 ti
1214 4358 1295 4436 ex'
