3725 5600
196 853 198 901 5

196 902 198 933 t

387 886 724 977 rurtrrrr
780 834 1200 989 rortrttrctr
1257 815 1279 880 ¹

749 1089 839 1145 An

285 1237 1017 1383 BENEDICTUM
1084 1256 1279 1401 XIV.

319 1486 324 1497 ·
570 1455 780 1541 porr
838 1462 1004 1553 MAt

326 1815 342 1894 ss
394 1855 408 1898 ‘2
534 1827 557 1914 ςζ
624 1838 697 1894 err
722 1816 761 1897 Ρ.
779 1815 835 1895 M·
866 1810 1050 1921 postulari
1064 1847 1089 1901 a
1103 1848 1166 1903 me
1178 1824 1278 1929 jam-

364 1933 379 2038 Ἰ
421 2027 422 2032 Ν
623 1930 693 2013 diu
717 1988 729 2022 ,
756 1925 819 2010 vel
846 1922 1020 2041 flagitari
1048 1935 1181 2044 potius
1211 1964 1280 2021 eo-

313 2051 375 2144 ;''''‘
541 2063 565 2134 ‘.
620 2041 1278 2161 rumhomiouorhistoriam,quo·

272 2190 276 2197 .
312 2150 363 2202 Ἀ
394 2130 488 2228 GR
531 2171 551 2217 e
621 2188 711 2244 rum
744 2186 868 2273 opera
895 2156 1084 2247 illustrior
1119 2160 1198 2247 fuit
1228 2166 1272 2250 in

283 2268 584 2361 conscrrbendis
607 2273 783 2386 Epistolis
805 2269 1048 2360 Pontificum
1062 2278 1269 2362 Romano-

284 2416 405 2474 rum.
437 2393 543 2475 Nam
569 2416 693 2503 quum
722 2384 880 2496 hujusce
905 2385 1160 2477 contiliiTibi
1189 2390 1270 2479 mei

284 2506 486 2589 rationem
524 2502 761 2619 jampridem
789 2500 1047 2613 exposuiffem
1077 2560 1091 2596 2
1122 2529 1270 2620 tuaque

285 2622 423 2731 gravis
453 2616 665 2713 acceffitset
695 2616 968 2711 cohortatio,
997 2648 1087 2735 quae
1116 2616 1272 2709 inflam-
1357 2656 1359 2659 ⁴

286 2754 418 2818 maret
449 2735 653 2822 hominem
680 2730 916 2850 flagrantem
944 2739 1027 2848 jam
1044 2734 1172 2822 studio
1198 2737 1274 2826 hu·

284 2847 457 2958 Jusmodi
474 2848 702 2966 scriptionis
718 2881 730 2944 ς
751 2853 965 2939 ridebatur
979 2881 1083 2936 nunc
1106 2851 1269 2939 tandem

284 2961 508 3078 perfectum
536 2963 608 3052 effe
637 2987 858 3078 oportere,
888 2967 997 3080 quod
1028 2988 1145 3053 tanto
1174 2988 1268 3054 ante

282 3077 561 3167 confedtutum
591 3079 877 3194 promiseram,
909 3105 978 3166 tua
1006 3101 1114 3166 certe
1142 3086 1267 3196 magia

282 3201 525 3283 auetoritate
542 3217 747 3313 permotus
762 3252 775 3286 ‚
790 3221 911 3308 quam
925 3223 1107 3282 mearum
1117 3199 1264 3284 virium

283 3308 542 3398 astimatione
557 3306 723 3397 confisus
740 3367 751 3388 .
782 3310 857 3398 Sed
872 3311 1039 3396 scribe-re
1056 3307 1265 3424 ingreffum

282 3425 481 3512 deterruit
511 3425 641 3512 statim
667 3455 733 3513 roe
761 3423 1005 3513 incredibilis
1027 3428 1086 3513 rei
1113 3427 1265 3539 magni-

285 3540 412 3638 tudo,
444 3571 494 3630 ac
509 3539 725 3630 difficultas
751 3598 765 3634 ‚
795 3569 898 3656 pene
920 3562 967 3627 ut
990 3539 1265 3657 desperarem,

283 3656 391 3766 quod
424 3685 656 3772 receperam
685 3717 698 3754 ,
726 3657 910 3771 praestare
937 3657 1042 3772 poffe
1072 3720 1083 3742 .
1111 3657 1265 3765 Qatn-

280 3795 400 3881 quam
431 3777 541 3860 enim
568 3774 762 3889 quicquid
790 3773 928 3858 labore
955 3771 1083 3861 studio
1097 3773 1265 3881 diligen·

281 3889 335 3970 tia
349 3881 502 3999 profici
531 3893 636 3975 ineo
646 3915 788 4002 genere
818 3885 975 3999 potest,
1005 3887 1047 3970 id
1062 3913 1182 3970 omne
1212 3883 1264 3970 ad

279 4026 450 4093 eorum,
476 4006 547 4118 qui
561 3997 822 4089 Pontificibus
836 4002 1032 4088 Romanis
1046 4003 1098 4109 ab
1113 3997 1263 4113 Episso

278 4111 322 4201 lit
338 4113 534 4219 fuerunt,
562 4114 723 4210 velsola
736 4121 900 4318 nptnina
925 4117 1135 4206 etenebris
1158 4117 1264 4249 arti-

288 4285 293 4294 ·
680 4297 684 4304 .
1137 4252 1268 4348 qurta·
