3725 5600
426 880 1107 968 Errsror.Scrrrron1sus
1168 907 1258 991 203,

270 998 423 1087 lentio,
455 1000 501 1080 δι
516 998 743 1082 attentione
758 1018 920 1107 recepta
936 991 1016 1090 esi,
1042 996 1253 1111 tantusque

271 1116 396 1201 saror
425 1142 473 1199 ac
501 1108 657 1225 plausus
685 1107 943 1224 subsequutus
973 1164 986 1201 ‚
1026 1134 1071 1195 ut
1096 1118 1256 1221 jamdu-

272 1231 377 1316 dum
403 1227 502 1315 nihil
529 1258 641 1343 aeque
669 1248 827 1342 gratum
855 1255 903 1312 ac
931 1230 1154 1339 jucundum
1186 1262 1258 1319 au·

273 1350 418 1441 ribus,
442 1344 647 1461 oculisque
677 1342 753 1430 suis
779 1342 964 1431 oblatum
980 1340 1088 1433 fuisse
1117 1375 1257 1435 omnes

278 1460 527 1549 faterentur.

341 1580 464 1694 Tragi·
474 1580 696 1665 camaliam
712 1634 724 1668 ,
742 1604 830 1693 quae
846 1578 1058 1663 Fernandus
1076 1581 1258 1692 servatus

273 1691 537 1792 inscribitur,
569 1726 592 1781 a
624 1691 860 1782 Marcellino
898 1694 1080 1779 Verardo
1111 1698 1258 1786 Fratris

275 1811 390 1897 Filio
407 1806 575 1898 versbus
590 1812 782 1922 Jambicis
798 1804 1000 1923 scriptam,
1015 1812 1169 1899 Carolo
1185 1816 1260 1900 Ve-

273 1926 407 2013 rardo
429 1955 493 2011 ma
524 1956 574 2012 na
604 1953 656 2015 ex
687 1945 804 2041 parte
833 1924 1088 2012 tribuendam
1112 1926 1258 2016 essear·
1404 2028 1407 2036 ,

274 2045 439 2130 bitror.
469 1959 550 2129 lsic
580 2048 689 2130 euim
720 2044 884 2129 Petrum
916 2041 1158 2129 Mendozam
1175 2046 1260 2133 To-

275 2160 354 2245 leti
387 2159 781 2278 Archiepiscopum,
805 2164 849 2245 &
883 2155 1162 2275 Hispaniarum
1180 2164 1261 2247 Pri·

275 2298 437 2363 matem
453 2277 494 2360 in
508 2274 745 2389 praefatione
761 2276 880 2386 hujus
896 2278 1033 2388 operis
1051 2276 1260 2392 alloquens

276 2388 442 2477 insidias
476 2393 706 2480 barcinonae
749 2390 1003 2479 Ferdinando
1040 2393 1264 2480 Catholico

275 2506 437 2607 saclas,
469 2509 829 2597 machinationibus
859 2513 1063 2597 Damonis
1096 2513 1265 2608 tribuit,

279 2652 375 2738 quae
407 2626 549 2711 Divini
563 2629 751 2715 Numinis
768 2654 848 2746 ope
878 2655 928 2714 ac
953 2628 995 2716 vi
1027 2629 1070 2711 in
1092 2625 1265 2715 nihilum

278 2738 529 2838 recidissent,
566 2767 687 2859 atque
717 2743 822 2831 hanc
838 2745 1051 2832 materiam
1068 2742 1269 2841 esse,ait2

280 2856 505 2972 scriptione
519 2860 700 2972 dignam,
716 2866 761 2947 δι
778 2866 819 2946 in
834 2893 915 2978 qua
939 2861 1133 2978 praeclara
1158 2889 1266 2974 quac-
1382 2937 1385 2942 .

217 3003 220 3009 ·
280 3001 366 3085 que
394 2979 552 3091 ingenia
580 2975 842 3064 desudarent.
869 2983 1014 3090 ltaque
1031 2997 1162 3064 totam
1178 3005 1270 3065 eam

282 3083 471 3204 digessit,
502 3088 747 3206 &personis
776 3096 896 3177 variis
923 3141 945 3181 ‚·
981 3120 1078 3205 quas
1107 3093 1270 3178 induxit

281 3207 508 3321 loquentes,
524 3207 718 3303 distinxit,
736 3207 1066 3320 Marcellinoque‚
1084 3209 1154 3320 qui
1168 3208 1271 3293 Poe-

280 3320 311 3410 sr
343 3321 512 3412 mirifice
540 3325 841 3422 delectabatur,
872 3322 1041 3410 tradidit
1072 3318 1272 3418 sufibus,

281 3443 331 3525 bc
356 3445 527 3555 poeticis
548 3442 755 3531 coloribus
775 3439 921 3536 ,salva
937 3467 1071 3528 rerum
1093 3439 1274 3556 dignita-

282 3580 330 3642 te
362 3588 410 3644 ac
440 3562 636 3649 veritate,
664 3561 943 3672 pingendam,
976 3559 1274 3645 exornandam-

284 3705 395 3790 que·
432 3677 689 3762 Marcellinus
717 3681 857 3762 Patrui
896 3670 1066 3761 consiliis
1099 3677 1273 3788 paruit:

284 3792 620 3907 Tragicomoedia
649 3792 733 3874 baec
754 3817 757 3823 ’
781 3790 1070 3904 pullulantibus
1117 3791 1274 3874 duobus

284 3908 431 4022 Regiis
467 3909 626 4020 Legatis
662 3909 909 3991 Bernardino
940 3903 1187 3992 castallio,
1229 3907 1275 3989 δε

286 4025 443 4137 Joanne
460 4027 649 4118 Medina,
670 4020 797 4106 altero
826 4022 1058 4136 Radayocio
1086 4081 1097 4116 ,
1143 4019 1275 4105 altero

287 4140 483 4229 Asturica
499 4138 722 4256 Episcopo,
748 4142 917 4223 recitata
946 4141 1089 4220 Romae
1121 4133 1175 4220 est
1204 4167 1275 4223 co·

287 4291 376 4349 ram
390 4259 624 4346 Alexandro
649 4255 719 4343 Vl.
750 4255 990 4344 PontMax·
1017 4255 1062 4338 bt
1078 4254 1276 4454 Carpppa·

1175 4397 1188 4453 1
1219 4393 1275 4454 us,
