3725 5600
432 858 1100 943 Errsror.Sonrrron1sus
1202 866 1257 964 69

288 968 419 1055 dimus
438 975 590 1086 ,quod
607 978 649 1057 in
662 978 746 1087 ejus
762 972 973 1088 sepulchro
1003 971 1078 1058 elle
1093 971 1260 1062 incisum
1331 1040 1333 1045 -

183 1117 184 1125 ¹
294 1089 523 1199 accepimus
540 1101 555 1192 )
570 1111 731 1175 centum
749 1147 761 1180 ‚
776 1092 820 1173 ὅ(
837 1090 978 1199 uiginti
997 1086 1158 1202 septem,
1174 1084 1271 1175 vul-T

294 1203 647 1318 guribusexceptis
662 1261 675 1296 ‚
691 1229 765 1290 aut
781 1202 1065 1323 scriptitaverit
1078 1200 1261 1318 iploaut

288 1345 312 1400 a
332 1323 472 1429 gtaecis
501 1318 775 1407 transtulerit·
904 1338 909 1345 ’
1249 1400 1250 1403 t

345 1438 483 1547 Atque
513 1439 636 1521 etiam
668 1434 860 1532 fuerunt,
893 1437 1034 1523 eodem
1064 1430 1262 1522 Pontifice

284 1546 494 1640 Nicolao‚
515 1554 735 1665 Scriptores
753 1547 1050 1639 pontificiarum
1071 1550 1262 1665 Epistola·

280 1690 373 1748 rum
419 1667 597 1775 Jncorrs
629 1668 904 1753 Vennvccrvs
943 1725 954 1759 ,
988 1667 1260 1752 Tonrrttrvs

286 1782 525 1874 Arretinos,
555 1783 1089 1874 PnrtncnnssTolentinas,
1117 1786 1255 1869 Versu

283 1896 562 1993 Placentinum
578 1896 902 1988 Placentinulne?
917 1903 981 1987 Ita
997 1899 1156 2013 quidem
1174 1928 1281 2011 eru-¹¹

285 2012 379 2097 dito
395 2015 487 2099 viro
503 2018 684 2130 Georgio
705 2018 838 2102 amico
855 2044 974 2112 mco,
1005 2019 1075 2131 qui
1092 2017 1256 2102 Nicolai

286 2128 434 2241 Qinti
452 2131 579 2216 vitam
595 2128 851 2243 conscripsit,
870 2133 1055 2219 videtur:
1086 2136 1142 2215 At
1173 2159 1257 2215 non

270 2246 387 2327 'mihi
408 2305 420 2339 ,
450 2248 522 2358 qui
539 2245 700 2331 Vallem
716 2249 838 2333 audio
859 2247 938 2331 hoc
954 2250 1003 2334 de
1021 2247 1056 2330 le
1083 2243 1170 2360 ipso
1188 2276 1258 2360 pn·

281 2357 364 2444 lam
398 2361 711 2472 praedicantem,
736 2364 845 2474 quod
861 2366 1006 2449 Rornae
1036 2386 1176 2452 natus,
1212 2365 1260 2447 &i

283 2476 334 2561 ad
372 2475 529 2561 uirilem
556 2497 712 2563 aetatem
740 2479 930 2566 educatus
963 2478 1118 2565 fuerat:
1142 2482 1189 2561 Et
1216 2476 1260 2561 hi
1336 2539 1338 2545 ‚

207 2655 210 2663 ·
283 2592 453 2706 quidem
468 2590 613 2677 literati
630 2623 794 2691 omnes,
819 2594 882 2681 led
909 2599 952 2679 in
969 2595 1092 2681 latina
1118 2593 1174 2678 lin
1205 2622 1257 2701 un

281 2705 576 2794 existimatores
606 2716 730 2826 magis
750 2711 953 2796 metuendi
968 2764 995 2808 ,·
1011 2738 1132 2824 quam
1161 2625 1259 2795 liri-

280 2836 424 2938 ptores
442 2824 642 2911 mirabiles
659 2881 668 2903 ·
701 2832 822 2913 Ersnt
838 2831 944 2913 eninr
961 2855 1102 2934 eornm
1131 2829 1259 2914 verba

280 2943 412 3026 latina
436 2938 515 3026 fere
529 2946 693 3039 omnia,
724 2973 899 3057 quorum
916 2949 1123 3030 momenta
1153 2939 1261 3029 fasti,

280 3055 394 3142 diosc
425 3059 756 3169 perpendebant3
785 3079 827 3143 at
856 3056 993 3144 succus
1017 3061 1184 3147 deerat,
1214 3061 1260 3144 &

280 3172 540 3288 aequabiliter
570 3178 612 3258 in
627 3203 764 3260 omnes
785 3171 1012 3288 scriptionis
1031 3195 1161 3290 partes
1186 3170 1261 3262 dif-

221 3279 227 3294 ’
280 3287 390 3380 fusus
409 3289 551 3374 vividae
566 3290 776 3377 latinitatis
792 3291 909 3375 color
926 3353 935 3371 .
952 3290 1029 3376 Hic
1044 3319 1122 3404 ego
1138 3343 1148 3377 .
1167 3290 1258 3403 quis
1333 3351 1335 3359 .

282 3403 339 3492 est
354 3462 377 3495 ,.
400 3407 566 3518 inquam
585 3468 595 3498 ,
612 3406 678 3492 ille
695 3408 854 3494 tandem
871 3406 1089 3492 latinitatis
1104 3402 1222 3490 color
1239 3413 1259 3483 l

246 3590 250 3596 .
285 3524 410 3606 autin
425 3549 510 3636 quo
524 3523 836 3636 reprehendendi
866 3524 1048 3609 homines
1067 3523 1116 3607 de
1133 3521 1260 3611 latina

286 3636 424 3750 lingua
454 3641 611 3750 optime
645 3642 807 3753 quidem
840 3643 1004 3734 meriti?
1029 3638 1134 3725 Tum
1160 3635 1258 3732 ille,-

283 3754 415 3839 Color
438 3750 530 3849 hic,
558 3757 689 3868 inquit
706 3754 884 3852 ‚facilius
904 3755 1107 3870 intelligi,
1137 3778 1262 3865 quam
1353 3818 1357 3827 ,

284 3871 481 3982 explicari
511 3869 667 3983 potest.
696 3871 947 3984 intelligitur
970 3874 1107 3966 enim,
1133 3893 1258 3980 quum
1335 3915 1342 3931 ε

284 3987 435 4098 optimi
454 3984 666 4070 latinitatis
696 3989 875 4088 tutiores
908 4014 1002 4070 cunr
1017 3985 1179 4100 reliquis
1204 3980 1261 4068 le·

287 4095 424 4216 gendo
456 4125 773 4212 comparantur,
801 4104 871 4213 qui
896 4098 1137 4187 lunteorutn
1154 4092 1262 4191 dilliv

259 4214 1263 4332 .miles-Neminillisaptaquaedamlormaora-
1337 4265 1344 4278 ·

645 4388 648 4403 ·
751 4335 837 4444 E3
1183 4334 1263 4416 tio-
