3725 5600
611 876 666 989 36
749 868 1054 953 uonrnron
1084 862 1478 967 osporrrrrsc„
1540 960 1545 968 ‚

610 987 837 1105 pellantur:
860 981 1070 1067 discrimen
1085 1003 1219 1067 autem
1234 982 1404 1066 Bullaras
1421 986 1525 1064 inter
1543 980 1601 1065 δε

612 1106 753 1192 Breues
784 1099 892 1209 quod
923 1093 993 1189 lit,
1023 1096 1254 1207 &quando
1283 1098 1528 1210 incoeperit,
1565 1098 1604 1179 ii

611 1218 809 1307 afferant,
837 1217 908 1327 qui
941 1206 1183 1298 Pontificum
1216 1213 1497 1296 Romanorum
1513 1212 1605 1294 Di-

611 1334 794 1451 plomata
818 1326 1038 1444 illustrant.
1070 1326 1141 1411 Sed
1160 1355 1285 1440 neque
1303 1328 1486 1413 Breoium
1502 1327 1602 1441 epi-

611 1449 800 1537 stolarum
830 1472 909 1527 una
933 1467 1054 1557 atque
1082 1442 1219 1527 eadem
1234 1448 1339 1549 ratio
1366 1441 1441 1526 ess.
1478 1444 1602 1525 Nam

617 1567 704 1654 alia
735 1559 892 1645 summis
916 1558 968 1645 de
1001 1561 1114 1645 rebus
1143 1589 1165 1641 a
1197 1552 1389 1642 Pontifice
1408 1561 1604 1641 Maximo

613 1678 840 1767 scribuntur
870 1674 919 1757 ad
955 1678 1082 1787 Reges
1123 1674 1169 1755 δι
1202 1674 1444 1783 Principes:
1486 1672 1601 1756 Aliae

615 1818 751 1881 autern
783 1788 906 1875 veluti
928 1790 1161 1902 Diploma'ta
1183 1785 1303 1882 sunt,
1335 1790 1477 1900 quibus
1493 1814 1604 1870 con-

613 1908 813 2023 fignantur
841 1898 1306 1989 beneficiaPontisicum·
1341 1910 1472 2014 Atque
1513 1902 1601 1984 illae

586 2054 598 2109 t
615 2022 776 2139 quidem
786 2018 1004 2133 elegantius
1019 2019 1222 2133 quoddam
1240 2020 1488 2103 retinuerunt
1501 2014 1603 2100 scri-

587 2152 590 2158 '
615 2140 738 2228 bendi
768 2164 887 2251 genus
905 2166 915 2219 :
944 2134 1004 2218 hae
1020 2134 1208 2219 incultius
1226 2156 1347 2247 atque
1360 2132 1567 2217 horridius
1584 2186 1601 2220 2

614 2275 830 2373 propterea
860 2251 970 2364 quod
998 2255 1119 2337 certis
1148 2248 1379 2365 quibusdam
1412 2246 1600 2332 formulis

617 2371 912 2473 continentur,
944 2394 1039 2479 quas
1068 2369 1249 2451 conditio
1280 2388 1508 2479 temporum
1537 2367 1603 2448 'm‘-

616 2486 756 2574 vexit.
785 2504 908 2594 atque
937 2486 993 2567 ita
1022 2482 1182 2567 demum
1213 2480 1399 2593 amplexa
1426 2479 1602 2565 estcona
1680 2561 1681 2564 t

616 2597 810 2684 suetudo,
840 2616 886 2679 ut
908 2601 989 2705 jam
1017 2625 1144 2707 neque
1160 2598 1379 2711 improbari
1411 2598 1600 2709 sineque·

613 2714 708 2798 dam
738 2712 974 2795 temeritatis
990 2730 1086 2795 nota
1103 2768 1114 2801 ,
1146 2738 1270 2824 neque
1287 2716 1431 2796 mutari
1443 2708 1600 2802 --linm

494 2863 499 2886 ·’
618 2827 837 2912 multorum
869 2828 1027 2939 querela
1045 2822 1212 2938 possint.
1244 2827 1498 2942 Quamquam
1515 2861 1597 2945 ego

618 2941 780 3056 quidem
810 2969 890 3024 non
907 2941 1051 3031 video,
1082 2945 1177 3056 quid
1195 2942 1244 3027 de
1270 2944 1603 3038 iisdetrahatur,

617 3058 645 3149 fi
674 3058 871 3144 adrerum
904 3053 1177 3154 sanctitatem,
1207 3087 1296 3173 quat
1313 3065 1482 3144 maxima
1511 3057 1597 3152 est,

617 3175 831 3264 verborum
862 3175 1034 3259 addatur
1055 3176 1281 3290 elegantia.
1311 3180 1451 3287 Neque
1477 3173 1598 3285 hujus

617 3287 733 3407 ipsius
748 3288 953 3403 elegantiae
969 3288 994 3376 fi
1011 3291 1194 3402 exempla
1205 3309 1443 3404 quaerantur,
1459 3321 1599 3375 exem·
1617 3282 1622 3293 ’

619 3411 687 3519 pla
716 3404 876 3496 delunt;
907 3404 1031 3489 veluti
1064 3407 1202 3498 illud,
1233 3409 1343 3520 quod
1376 3406 1486 3489 Pauli
1520 3409 1598 3493 ΙΙΙ.

453 3565 455 3568 ·
618 3523 780 3606 nomine
812 3515 1208 3632 scripsrtSadoletus‚
1240 3527 1284 3606 δε
1301 3526 1340 3606 in
1368 3526 1485 3607 Urbis
1499 3520 1600 3610 loco

620 3634 882 3719 celeberrimo
910 3630 1150 3744 insculptum
1168 3654 1364 3722 marmore
1387 3642 1436 3721 ad
1452 3638 1599 3747 Jacobi

619 3748 973 3837 in'via·Flaminia
1003 3746 1177 3837 risrtur·
1211 3753 1334 3860 Qod
1365 3754 1599 3866 exemplum

620 3861 831 3982 propalam
859 3861 1029 3982 politum
1058 3897 1126 3952 eos
1151 3876 1168 3968 (
1183 3869 1337 3969 credo)
1369 3867 1471 3982 sugit
1486 3917 1498 3965 t
1524 3873 1598 3980 qui

623 3978 894 4076 soloecismos,
921 3977 948 4065 fi
973 3986 1063 4066 Deo
1084 3983 1245 4097 placet,
1276 3986 1318 4064 dt
1335 3981 1597 4070 barbarismos

624 4094 831 4204 appellant
860 4097 1050 4182 formulas
1081 4160 1093 4194 ‚
1120 4118 1342 4212 negantque
1373 4099 1502 4184 m'ulta
1530 4102 1599 4184 beu

628 4235 679 4296 ne
710 4205 819 4323 polle
828 4207 979 4308 scribi,
1010 4209 1080 4304 nis
1095 4216 1230 4332 inepte
1244 4209 1490 4303 scribantur.
1519 4216 1598 4301 Ve-

1478 4357 1595 4431 turn,
