3725 5600
602 799 684 881 268
743 790 1047 883 Bonnmcrc
1084 814 1147 879 nn
1173 796 1473 895 Porrecto:

598 911 817 1020 imaginem
845 907 971 997 vitae,
1005 932 1126 1023 atque
1156 912 1307 1022 ingenii
1327 914 1380 994 ·in
1406 912 1589 994 Pineco·
1667 925 1668 938 ³

600 1022 717 1107 theca
733 1021 796 1109 sun
817 1028 930 1113 nobis
955 1021 1325 1137 repraesentaverit·
1355 1028 1462 1111 Ecce
1478 1031 1591 1111 Mar·

604 1144 738 1251 gotius
758 1200 769 1231 ‚
793 1142 942 1253 dequo
959 1142 1016 1225 ita
1028 1146 1091 1223 eit
1108 1194 1119 1218 .

668 1262 906 1374 lanfrancus
923 1256 1163 1373 Margooius,
1179 1266 1299 1375 magis
1314 1287 1359 1341 erc
1365 1256 1457 1371 sese,
1474 1278 1591 1370 quern
1609 1350 1612 1357 ,

517 1464 520 1473 ,
609 1410 653 1464 ex
670 1370 868 1488 majoribus
877 1376 957 1489 suis
975 1386 1137 1488 cognitus
1156 1437 1168 1472 ,
1186 1375 1263 1483 sne
1279 1378 1411 1458 multis
1430 1376 1588 1463 literis,

607 1506 647 1579 in
662 1492 867 1608 scribendis
884 1493 1041 1605 epillolis
1056 1495 1156 1609 longe
1172 1490 1453 1599 uilissimorum
1472 1490 1587 1574 borni·

609 1641 697 1697 uum
715 1608 897 1715 inluslrie
913 1612 1110 1715 anteivit·
1141 1607 1290 1693 Etenim
1313 1635 1414 1693 rem,
1452 1607 1500 1688 de
1514 1636 1586 1728 quo

596 1724 832 1840 scribendum
866 1726 971 1834 mser,
1000 1723 1155 1808 videbar
1183 1746 1289 1809 acute
1318 1779 1330 1811 ,
1372 1722 1585 1836 explicabat

601 1842 788 1935 dilucide,
816 1841 1239 1951 sententias'albibeboo
1271 1840 1461 1945 illustres,
1493 1865 1585 1951 que·

601 1988 668 2074 qur
683 1984 751 2040 non
777 1978 858 2038 tom
888 1955 1062 2039 haberem
1092 1959 1350 2065 venustatem,
1381 1982 1497 2067 quem
1523 1956 1580 2036 di·

595 2082 780 2191 gnicarem
814 2099 856 2155 oc
880 2072 1019 2185 pondus
1046 2099 1056 2156 τ
1084 2072 1203 2155 verbo
1233 2093 1378 2163 erano,
1413 2080 1480 2152 non
1511 2072 1578 2153 illo

599 2193 746 2305 quidem
768 2188 1023 2300 elegonriffimo
1033 2188 1221 2299 sermone,
1251 2189 1318 2299 sed
1343 2215 1424 2299 qne,
1450 2214 1583 2270 rema
1669 2232 1673 2253 =

600 2314 762 2391 maxime
793 2304 1043 2419 explicarent·
1074 2305 1215 2387 Omnia
1241 2301 1424 2417 scribendi
1448 2329 1578 2415 genero

606 2445 793 2514 noveram
823 2449 924 2536 eoque
942 2419 1145 2514 urebatur,
1175 2424 1266 2535 quod
1282 2450 1365 2504 cum
1389 2427 1465 2531 ejus
1483 2478 1494 2507 ,
1519 2422 1582 2531 qui

600 2541 780 2653 scriberet
800 2599 811 2633 ,
834 2564 1022 2652 eorumque
1041 2595 1052 2628 ,
1068 2540 1116 2622 ol
1131 2567 1217 2653 quos
1228 2536 1490 2651 scribebatur,
1500 2557 1583 2645 pcr-

591 2658 690 2769 sonis
706 2678 939 2765 congrueret.
971 2652 1031 2735 Ne
1054 2656 1203 2747 mulre;
1235 2656 1337 2765 nulla
1365 2666 1405 2735 in
1430 2681 1464 2733 eo
1490 2657 1577 2731 vir·

600 2790 663 2854 tus
678 2770 976 2874 defideraboonr,
1007 2772 1067 2855 illi
1102 2776 1323 2884 maffaron,
1354 2778 1416 2854 cui
1438 2792 1575 2852 arcana

594 2887 821 3000 summarum
853 2883 1072 3000 Principum
1125 2897 1309 3004 negocio,
1353 2912 1419 3002 per
1447 2887 1577 2969 liceras

606 3002 806 3088 concienda
822 3003 1073 3095 mandentum
1089 3009 1280 3090 neverum
1297 3013 1336 3087 in
1355 3035 1389 3086 eo
1405 3026 1579 3116 apparue·

597 3127 678 3213 ric,
707 3121 799 3234 quod
813 3119 950 3205 elicitur
966 3177 977 3208 ,
995 3122 1125 3236 sepius
1143 3126 1192 3205 ab
1205 3125 1351 3206 laudern
1367 3146 1479 3233 arque
1492 3123 1576 3198 vir·

594 3258 744 3322 tutem,
777 3259 955 3318 naturam
971 3238 1276 3343 finelocirino,
1304 3234 1499 3353 quamsme
1515 3260 1577 3314 no·

597 3373 685 3436 tura
702 3351 855 3460 volreisse
881 3353 1112 3436 doilrinam.
1146 3354 1288 3468 Magno
1312 3356 1396 3464 fuir
1427 3362 1578 3443 animo,
1662 3412 1668 3424 .

592 3497 638 3550 ec
656 3475 812 3580 pecunie
840 3466 1048 3580 superiori;
1081 3481 1330 3562 eumerium,
1360 3495 1473 3584 quum
1503 3494 1577 3549 una

589 3612 675 3666 curn
685 3584 845 3694 summis
861 3592 963 3667 viris
979 3645 990 3677 ,
1003 3615 1129 3697 genere
1146 3647 1159 3680 ,
1188 3589 1370 3674 diviciis,
1400 3615 1444 3670 ac
1460 3588 1579 3697 digni·

589 3720 669 3781 tare
680 3698 975 3812 proeliantibus,
1008 3704 1056 3785 ab
1089 3693 1256 3824 ¹aliquam
1273 3712 1392 3790 animi
1410 3699 1576 3805 remisso,-

592 3843 674 3896 nem
687 3815 890 3928 ludumque
907 3819 1155 3928 descenderet:
1183 3823 1268 3905 aleo
1284 3845 1327 3906 uo
1344 3828 1475 3904 cereris
1505 3818 1579 3899 lara

587 3936 674 4039 gius
689 3932 839 4042 sumtus
851 3933 1023 4041 faceret,
1054 3939 1251 4052 eosdemque
1281 3938 1493 4025 liberalius,
1519 3953 1579 4013 ar-

587 4071 656 4156 que
689 4048 877 4152 animosus
904 4074 1125 4163 provocarer
1158 4066 1207 4134 in.
1230 4058 1348 4138 aleam
1382 4106 1391 4125 ·
1435 4048 1577 4162 Quod,

492 4159 508 4188 ⁰
587 4187 815 4274 quemquem
835 4163 961 4274 n'onfir
980 4194 1190 4289 magnopere
1206 4194 1272 4289 per
1283 4170 1578 4300 plaudendum,

1498 4306 1574 4395 esua
