3725 5600
590 784 663 865 '2'
741 766 1053 852 ,noeman
1092 792 1150 849 or
1180 766 1461 855 Ponrrrrc.

598 883 763 1003 quitatis
778 880 949 968 eruenda
963 875 1105 967 fuerim
1135 876 1388 994 persecutusr
1410 880 1602 969 nonnul·

598 1004 716 1114 laque
744 1001 866 1083 etiam
882 994 1137 1113 collegerim,
1161 1026 1247 1109 quae
1265 999 1327 1083 uel
1343 999 1386 1080 in
1401 993 1599 1081 obscuris

597 1114 801 1205 annalium
830 1115 1124 1202 monumentis,
1155 1113 1219 1197 vel
1249 1118 1291 1196 in
1315 1106 1492 1222 dispersis
1529 1108 1605 1197 se-

597 1228 861 1347 pulchrorum
892 1224 1247 1341 inscriptionibus,
1278 1227 1341 1313 vel
1371 1229 1412 1309 in
1429 1226 1604 1337 pervul-

599 1348 701 1459 gatis
715 1344 928 1428 doctorum
943 1343 1149 1428 bominum
1165 1341 1337 1455 epistolis
1353 1340 1434 1426 sula
1457 1359 1605 1433 etant,

599 1490 648 1548 ac
679 1454 887 1569 diliipata:
918 1457 1073 1571 reliqua
1104 1482 1241 1541 tamen
1273 1481 1387 1542 erant
1410 1456 1603 1569 plurima

548 1568 556 1572 ’
592 1576 704 1662 adeo
727 1573 790 1659 rel
808 1574 956 1658 obruta
978 1576 1176 1684 temporis
1205 1573 1496 1661 diuturnitate,
1525 1573 1603 1660 vel

597 1691 810 1775 oblivione
839 1686 1081 1803 posteritatis
1104 1688 1310 1778 extindta,
1339 1709 1385 1772 ut
1400 1716 1447 1772 ea
1474 1714 1602 1804 repe·

598 1809 679 1892 rire
697 1866 710 1899 ,
738 1824 860 1914 atque
874 1804 1078 1915 explicare
1094 1807 1189 1891 rix,
1211 1807 1255 1889 δι
1271 1832 1321 1889 ne
1335 1806 1406 1889 rix
1420 1804 1599 1917 quidem

599 1916 778 2037 possem·
808 1919 951 2031 Itaque
968 1937 1052 2005 tam
1078 1919 1185 2003 lente
1194 1918 1447 2031 ,procedebat
1468 1944 1599 2029 opus,

599 2055 647 2121 ut
661 2031 927 2143 intelligerem
949 2038 1001 2117 in
1014 2030 1223 2123 discrimen
1240 2031 1381 2123 venisse
1411 2061 1474 2129 me
1503 2062 1596 2116 non

600 2151 755 2263 ingenii
778 2144 931 2241 solum,
957 2147 1021 2234 sed
1045 2154 1168 2236 etiam
1191 2145 1342 2236 officii:
1366 2150 1431 2233 Ne
1444 2166 1518 2251 aut
1544 2147 1593 2231 id

600 2262 726 2359 Tibi,
751 2261 969 2378 praesertim
983 2284 1097 2350 tanta
1112 2266 1336 2377 dignitate,
1367 2290 1416 2345 ac
1434 2259 1595 2374 sapien-

599 2378 661 2463 tia
675 2380 850 2493 Principi
865 2441 878 2476 ,
893 2378 1079 2495 recepilse
1093 2375 1193 2466 risus
1206 2378 1351 2474 eliem,
1373 2380 1483 2490 quod
1502 2405 1592 2463 non

473 2560 475 2569 .
598 2516 788 2628 poteram
803 2496 993 2605 implere,
1008 2495 1121 2609 quod
1136 2494 1190 2577 est
1204 2493 1487 2610 impudentiaea
1516 2513 1592 2577 aut

531 2672 533 2681 ,
600 2608 644 2693 rd
658 2637 743 2693 non
759 2607 950 2706 effeciffe,
967 2612 1077 2722 quod
1093 2630 1303 2723 poteram,
1322 2610 1434 2722 quod
1448 2605 1502 2691 eli
1517 2637 1592 2691 ne-

592 2721 930 2836 *migentius-Qua
945 2727 986 2808 in
1002 2725 1254 2812 dubitatione
1269 2727 1448 2810 maxima
1461 2750 1592 2836 quum

598 2836 804 2932 versarer,
834 2841 981 2951 collegi
1008 2869 1072 2926 me
1102 2840 1348 2952 aliquando,
1376 2868 1426 2927 ac
1441 2837 1592 2923 consti-

596 2955 691 3043 tui,
717 2978 807 3039 eam
839 2952 939 3038 mihi
962 2957 1161 3041 rationem
1176 2956 1419 3046 ineundam,
1452 2972 1498 3039 ut
1528 2950 1588 3068 fin

597 3071 909 3160 minusomnia,
937 3099 1030 3184 quae
1045 3071 1258 3162 deberem,
1288 3101 1335 3158 ea
1352 3068 1493 3156 saltem
1508 3066 1589 3154 sol.

596 3209 764 3274 terem,
791 3213 882 3300 quae
899 3183 1045 3298 possem
1059 3217 1073 3273 τ
1089 3203 1222 3299 'atque
1236 3187 1340 3271 adeo
1354 3183 1582 3278 historiam,

594 3325 718 3411 quam
732 3297 1018 3414 promiseram,
1036 3299 1180 3415 plene,
1208 3298 1450 3415 diligenter,
1472 3301 1584 3386 ordi-

596 3433 767 3526 nateque
782 3411 949 3501 scribere
962 3447 1089 3530 quum
1104 3419 1267 3504 minime
1288 3421 1458 3509 liceret,
1490 3414 1583 3500 scri-

595 3528 731 3612 berem
752 3547 886 3614 tamen
913 3531 1070 3645 aliquid
1087 3532 1316 3645 sibique,
1337 3537 1411 3646 qui
1438 3562 1492 3617 eo
1518 3559 1584 3618 me

594 3643 759 3728 nomine
776 3645 1002 3757 appellas,
1030 3646 1240 3734 Benedjdie
1263 3645 1453 3742 Pontifex
1482 3676 1584 3740 ,re-

592 3753 877 3876 praesentarem
902 3764 987 3870 jaro
1016 3790 1101 3848 non
1124 3765 1316 3876 imagines
1351 3758 1583 3850 clarillimo-

594 3901 688 3961 rum
715 3873 906 3965 Virorum
941 3880 1177 3992 expolitas,
1202 3901 1326 3995 atque
1356 3876 1582 3991 perfectas,

593 3983 660 4069 sed
676 3988 807 4076 nescio
828 3994 928 4105 quid
943 3990 1050 4108 quast
1078 4025 1102 4081 e
1125 4025 1282 4108 quercu
1311 3995 1581 4108 exculptam,

590 4101 709 4218 quod
735 4097 863 4196 finite
883 4103 1084 4200 simulacri
1109 4112 1353 4203 rideretur,
1384 4106 1585 4312 Ejusmodd

1526 4257 1550 4314 c
