3725 5600
620 854 676 931 4²
763 827 1068 912 Bonrnrcrr
1102 850 1163 911 or
1191 822 1468 911 Pourrnrc

619 941 786 1033 tandem
802 938 889 1026 sunt
903 941 1123 1054 affequuti?
1141 942 1213 1025 'An
1228 968 1437 1025 numerum
1451 947 1497 1026 in
1510 938 1612 1028 scri·

533 1163 535 1167 .
620 1060 757 1149 bendn
787 1065 977 1169 majorem
1006 1073 1100 1142 ean
1129 1057 1324 1168 copiam?
1346 1084 1403 1140 an
1421 1059 1614 1171 pruden-

505 1200 507 1205 ·
623 1179 756 1263 tiam?
782 1176 946 1286 ineptus
974 1171 1063 1257 iane
1077 1173 1228 1257 Aonius
1240 1171 1464 1270 Palearius,
1493 1198 1615 1261 cete·

621 1322 670 1378 ra
701 1292 920 1376 luculentus
951 1290 1162 1374 latinitatis
1189 1292 1366 1379 auctor,
1386 1294 1483 1404 qui,
1514 1318 1615 1403 quo

591 1400 866 1520 ¹nurnerofior
894 1404 1058 1491 caderet
1071 1407 1235 1495 oratio,
1263 1406 1512 1491 invocandor
1525 1404 1613 1493 effe

621 1523 734 1609 Deos·
762 1522 1034 1617 immortales,
1061 1547 1143 1605 non
1158 1523 1289 1606 Deum
1305 1517 1483 1606 censuit.
1515 1527 1610 1608 Co·

621 1632 822 1751 piofiffimi
837 1638 1041 1722 Ciceronis
1057 1641 1212 1748 jejunus
1240 1637 1608 1752 imitarorLongo-

621 1754 725 1843 lius,
755 1754 859 1865 qui,
889 1749 990 1838 dum
1019 1753 1199 1837 colorem
1230 1754 1374 1863 quaerit
1399 1748 1608 1849 alienum,

619 1866 846 1981 sanguinem
872 1870 1025 1958 etiam,
1056 1864 1205 1980 fiquem
1234 1866 1382 1962 habet,
1410 1868 1607 1983 deperdit

619 1982 729 2069 suum
745 2024 765 2059 a
787 1983 916 2091 Julius
931 2012 1029 2071 vero
1042 1982 1215 2095 Scaliger
1229 1983 1514 2100 petridicnlus',
1527 1978 1604 2100 qui

619 2102 715 2185 torir
731 2100 913 2185 concidit
940 2099 1212 2187 voluminibus
1236 2096 1438 2187 Erasnrum
1468 2100 1605 2185 homi-

618 2242 710 2300 nem
727 2242 808 2299 non
823 2215 1115 2331 inelegantem,
1144 2218 1380 2329 optimeque
1407 2219 1601 2301 meritum

617 2331 808 2418 deliretis
824 2392 835 2425 ,
857 2330 962 2417 hanc
977 2360 1097 2417 unam
1110 2332 1167 2416 ob
1180 2330 1349 2417 canilnm
1365 2387 1378 2422 ,
1394 2332 1508 2443 quod
1524 2330 1602 2418 ser·

619 2447 745 2533 uilem.
756 2450 963 2533 Ciceronis
976 2449 1247 2533 imitationem
1264 2444 1391 2534 facete
1407 2442 1599 2533 irriserit·

616 2562 751 2674 Quem
793 2583 928 2648 autem
959 2563 1158 2675 appellem
1180 2566 1371 2649 Bembum
1400 2564 1601 2650 Cardine·

616 2676 730 2761 lem?
759 2682 859 2764 lium
873 2700 1011 2771 certe,
1038 2700 1204 2789 arrepta
1218 2675 1426 2764 occafione
1441 2678 1595 2766 calum·

617 2791 780 2882 niaodi,
808 2819 891 2876 non
907 2815 1066 2879 veretur
1095 2795 1265 2907 impium
1291 2796 1430 2881 dicere
1454 2798 1595 2911 Scipio

617 2907 823 3003 Gentilis,
847 2904 1059 3021 quilipfii
1087 2906 1304 3022 discipulus
1333 2909 1442 2997 luit.
1469 2916 1594 3000 Uter·

616 3053 696 3138 que
723 3048 859 3110 autern
891 3025 1126 3112 velinridia
1153 3025 1478 3120 reindueretur
1510 3026 1593 3114 fnit

532 3229 534 3236 ,
615 3137 795 3228 adversus
821 3141 1032 3254 elegantia
1048 3143 1363 3258 latinaesparrem
1382 3143 1589 3230 lembum

614 3261 739 3367 eujus
767 3285 845 3372 ego
876 3259 1012 3344 Bembi
1041 3315 1055 3348 2
1093 3278 1140 3342 ut
1169 3261 1214 3342 in
1242 3258 1423 3372 Epistolir
1445 3261 1593 3347 Leonir

551 3467 556 3477 ¹
614 3373 777 3458 Decimi
817 3379 977 3459 nornine
1013 3371 1186 3486 scriptis,
1200 3373 1369 3462 latinam
1407 3372 1593 3462 lumnio-

615 3515 709 3601 pere
738 3489 917 3582 admiror
931 3488 1202 3602 elegantiam,
1225 3491 1278 3575 dc·
1299 3492 1464 3605 dignam
1481 3493 1594 3577 Prin„

613 3604 706 3716 cipe
733 3603 1034 3714 eloquentiam,
1060 3607 1217 3692 itanon
1232 3603 1385 3722 polium
1417 3635 1499 3691 non
1516 3607 1594 3694 ima

612 3717 785 3831 probare
799 3745 976 3816 errorem
1004 3727 1124 3823 (utar
1137 3723 1244 3809 enim
1258 3723 1438 3813 leviore.
1468 3746 1594 3836 quarn

613 3835 751 3946 Scipio
775 3835 927 3930 verbor
955 3837 1053 3922 Non
1081 3841 1187 3923 enim
1214 3841 1428 3957 impietatis
1461 3844 1595 3923 nomi·

612 3975 664 4031 ne
693 3949 813 4062 digna
841 3949 896 4036 est
926 4008 940 4044 ‚
971 3979 1229 4070 quaecumque
1258 3960 1329 4041 illa
1359 3955 1463 4046 fuit.
1497 3955 1594 4039 terra

612 4062 732 4185 luendi
749 4063 972 4180 superstitio
992 4132 1006 4167 ,
1036 4103 1163 4186 neque
1180 4073 1365 4158 maledici
1388 4076 1593 4158 conuicia-²

611 4179 713 4266 toris
728 4183 997 4274 acerbitatem
1006 4185 1222 4277 dodiiffimi
1233 4245 1250 4285 ,
1263 4183 1593 4321 amplillimique

644 4351 647 4356 ·
1428 4323 1432 4328 ’
1510 4328 1592 4394 rrrr
