3725 5600
319 960 322 964 ἵ
437 858 1120 950 Ἐνιετόιζ-ὃοιητοιηυε
1203 890 1278 968 209

300 985 426 1070 nulli:
456 981 576 1099 Niger
601 1010 753 1071 autem,
784 1005 831 1068 nt
857 989 1005 1095 opinor,
1027 985 1071 1074 (τ
1101 1004 1277 1065 certenon

299 1105 456 1212 adesset,
488 1127 590 1187 ortus
621 1108 687 1215 eil·
702 1104 745 1184 sle
771 1100 828 1183 leis
843 1096 923 1213 ipss
939 1097 1096 1212 epillolit
1112 1106 1192 1183 tuis
1199 1101 1279 1209 str-

303 1214 394 1304 mo‚
430 1219 651 1333 quidamque
665 1247 710 1302 en
725 1224 802 1305 iis,
832 1217 923 1330 quid
937 1220 979 1298 oe
994 1216 1072 1298 illis
1081 1214 1278 1325 sentirem,

175 1337 178 1344 '
300 1360 349 1417 eoo
380 1361 453 1415 me·
475 1336 666 1451 quesnois:
705 1343 771 1419 cni.
795 1363 853 1446 ego
867 1332 944 1440 sne
972 1332 1050 1417 ulla
1076 1338 1279 1418 sanilono-

301 1477 350 1532 ne
383 1451 573 1563 respondi,
598 1453 698 1563 satis
729 1479 790 1535 eat
811 1451 883 1560 sua
910 1450 1174 1561 prescriptione
1195 1450 1278 1534 lan·

301 1570 416 1649 datar
437 1569 564 1651 videri
589 1569 713 1652 delere
728 1562 878 1681 'o-Qid
907 1571 1031 1653 enim,
1055 1573 1278 1677 inquam‚a

295 1679 440 1764 Bembo
466 1678 683 1797 proscissi,
707 1683 776 1789 nis
799 1688 968 1777 dolium,
997 1703 1108 1795 atqne
1141 1682 1279 1795 elegans

296 1800 453 1913 potest?
485 1796 577 1881 Tum
606 1794 826 1884 hoo'aolllioii
842 1857 853 1886 ,
886 1827 942 1879 me
972 1798 1053 1881 illos
1076 1797 1188 1882 libros
1218 1820 1276 1879 sa·

298 1941 387 1997 rnen
418 1916 678 2002 vendibiliores
705 1940 840 2030 putore
862 1914 974 2031 foisse
1001 1917 1177 2022 saturos,
1219 1912 1287 2020 nist

300 2060 326 2113 a
365 2039 478 2113 tertis
509 2035 637 2118 verbis
667 2034 828 2144 obsoletis
852 2032 932 2114 illis
962 2036 1108 2144 quidem
1125 2087 1136 2119 ,
1145 2032 1211 2142 sed
1224 2052 1283 2112 ta·-

299 2176 383 2229 men
415 2145 500 2229 leuis
523 2150 716 2263 scriptioni
741 2150 1080 2263 peneneceffariit‚
1114 2169 1280 2259 tantope-

299 2290 344 2345 re
371 2261 558 2373 refugisses
575 2318 587 2336 ·
602 2266 710 2351 ¹Cum
740 2272 836 2349 enim
867 2259 1018 2350 tantum
1034 2286 1141 2349 tnum
1158 2290 1284 2346 nomen

299 2382 391 2491 esset
410 2430 421 2463 2
443 2407 543 2462 nones
558 2409 626 2464 non
652 2383 769 2494 solnm
801 2382 935 2465 harum
966 2363 1284 2470 literatorum

188 2529 195 2551 ¹
301 2496 628 2611 humanarumque
658 2509 800 2583 artium
828 2501 966 2582 linitis
999 2498 1180 2585 dealitas,
1217 2495 1284 2607 sel

217 2665 221 2674 ι
307 2641 354 2696 ne
377 2609 506 2720 serila
531 2616 827 2726 primanus,
856 2635 925 2699 ant
954 2616 1134 2701 librarius
1153 2612 1284 2697 eoslm·

307 2729 393 2854 leere
424 2729 612 2840 nolnifflt,
640 2734 841 2848 presertim
866 2762 949 2821 cum
966 2740 1040 2847 estes
1055 2738 1194 2850 generis
1213 2734 1284 2844 epi-

309 2846 408 2929 etate
427 2844 527 2953 sint,
568 2879 644 2962 qna
665 2859 714 2932 'in
738 2845 908 2934 maxima
934 2874 1045 2965 parte
1073 2859 1113 2934 in
1144 2871 1290 2934 catera·

310 2987 399 3046 rnen
433 2964 686 3072 formularum
700 2966 808 3050 libris
838 2995 906 3047 non
937 2990 1088 3050 extent·
1120 2965 1289 3077 ltaqnu

312 3105 377 3162 me
399 3082 487 3162 illas
518 3082 706 3165 arbitrari
725 3103 789 3194 pro
814 3080 969 3162 distatis
995 3134 1006 3167 ‚
1040 3103 1150 3194 etque
1173 3104 1291 3162 exem·

303 3197 386 3312 plis
421 3199 483 3308 esse
512 3198 660 3309 potuaffe
677 3191 758 3304 :fic
784 3193 882 3280 veto'
901 3223 984 3279 cnm
1001 3217 1152 3278 tantum
1168 3192 1293 3276 abhor-

315 3335 433 3399 reant
463 3313 510 3398 ab
538 3311 674 3424 serens
694 3312 892 3399 verborum
921 3310 1205 3423 consuetudine,
1234 3306 1293 3388 ho·

319 3430 520 3516 ennelino
550 3432 803 3521 noliensium,
832 3436 1011 3513 neminem
1037 3429 1118 3512 illos
1148 3421 1295 3530 niss'le·

313 3556 419 3633 lione
443 3553 484 3629 in
518 3575 651 3631 manns
670 3547 937 3664 sumpturum,
961 3546 1080 3660 eosque
1107 3543 1196 3657 ipsos
1205 3531 1293 3620 “nta-

311 3672 375 3780 gis
409 3685 477 3751 ut,
503 3662 671 3776 quomodo
701 3687 845 3749 veteres
877 3665 937 3747 illi
967 3665 1053 3776 Coss
1064 3683 1132 3745 aut
1161 3653 1295 3740 Prato-

314 3809 377 3865 res
390 3781 502 3867 locati
510 3779 631 3891 sunt,
653 3782 872 3893 agnoscant,
902 3809 1015 3894 quam
1046 3773 1212 3892 quomodo
1230 3799 1293 3853 no·

309 3899 388 4007 slei
416 3894 845 4006 Pontificesloqnontnr,
874 3898 1099 4007 addiscant.
1133 3895 1297 4001 Aequa

315 4014 398 4096 leae.
412 4011 559 4122 summa
570 4011 756 4122 sententie
771 4040 853 4094 mee
871 4064 883 4101 ‚
904 4013 1016 4117 sve,
1033 4031 1076 4097 ut
1089 4014 1222 4094 vatins
1238 4006 1297 4089 di·

313 4155 429 4223 oom,
455 4126 633 4240 sermonis
657 4126 741 4235 suit
767 4131 843 4225 &o
859 4130 936 4222 &c-
1176 4121 1180 4146 ¹
1248 4153 1251 4160 ’

875 4362 918 4446 0
1215 4353 1313 4439 Pau·
