3725 5600
183 520 185 543 l

183 630 184 643 r

183 678 184 695 l

433 809 1103 922 Euneonlonrrnoarrur
1208 852 1260 915 η

183 968 185 977 r
265 924 372 1011 lunt
403 928 446 1011 in
464 926 741 1041 pervulgatis,
768 927 1018 1015 &contritis
1048 916 1260 1049 procept'n‘

268 1038 395 1153 hujus
411 1048 496 1130 rei:
526 1068 701 1156 nempe,
728 1067 776 1127 ut
790 1037 838 1129 stt
851 1042 922 1133 ille
942 1043 1169 1136 liberaliter
1201 1056 1261 1139 in·

183 1256 185 1269 ¹
268 1154 673 1273 ffitutus.fidelito
706 1159 1261 1273 tima‚diligentia·mxime

268 1274 427 1386 quibus
443 1274 558 1359 rebus
573 1275 646 1389 qui
660 1185 914 1367 ulceratus,
943 1305 1026 1363 oon
1042 1296 1126 1365 tam
1140 1338 1153 1372 ,
1168 1311 1259 1369 mea

267 1388 445 1501 quidem
462 1387 679 1483 sententia,
709 1390 929 1479 laudandus
943 1390 1026 1488 ell,
1053 1421 1176 1509 quam
1198 1429 1261 1487 ro·

268 1505 505 1617 pudiandus
533 1507 729 1602 omnino,
760 1509 830 1619 qui
859 1529 997 1594 careat
1025 1564 1039 1593 .
1068 1510 1260 1599 Etenim,

270 1622 480 1734 quiscum
495 1626 679 1707 Maximo
693 1617 891 1710 Pontifice
916 1651 1058 1737 agere,
1086 1623 1258 1717 summit

270 1766 357 1849 que
371 1736 424 1821 de
440 1737 556 1823 rebus
572 1734 751 1835 consuli,
779 1738 985 1827 hominem
1014 1736 1118 1828 ferat
1146 1772 1260 1859 agre·

271 1850 407 1945 stem,
437 1842 606 1939 infidum
630 1908 643 1947 2
674 1853 947 1969 negligentem
972 1873 988 1942 ἓ
1016 1858 1260 1972 Linquamus

269 1970 402 2081 igitur
431 1968 545 2060 hoc,
578 1995 664 2082 quae
694 1965 854 2057 facilem
880 1972 1158 2085 cognitionem
1187 1974 1259 2061 ha·

270 2084 404 2179 bent,
423 2082 546 2171 ulum
561 2082 837 2173 neceffarium·
865 2090 1012 2200 Neque
1035 2091 1142 2174 enim
1168 2118 1258 2201 gra-

271 2204 419 2289 vitatis
432 2200 567 2289 restrae
582 2199 654 2286 effe
667 2202 843 2291 arbitror
858 2266 871 2302 ,
887 2232 1047 2316 neque,
1062 2199 1090 2289 fi
1106 2204 1260 2316 placet,

271 2343 375 2401 meae
404 2320 447 2402 in
476 2319 758 2405 communibus
786 2322 903 2407 rebus
933 2319 996 2409 vul
1024 2320 1256 2411 audiendis·

271 2431 338 2519 vel
372 2433 650 2546 explicandis,
682 2462 732 2522 ne
748 2434 863 2521 huius
894 2433 1059 2549 quidem
1087 2430 1257 2534 senionis

271 2551 407 2633 otium
423 2546 655 2635 consumere
670 2580 683 2644 ς
712 2547 929 2663 prasertim
945 2578 1070 2669 quum
1087 2578 1172 2637 non
1184 2554 1258 2637 mi·

271 2661 314 2747 hi
330 2660 380 2751 fit
411 2666 520 2779 apud
550 2693 621 2751 ror
645 2666 815 2780 vulgaris
831 2668 973 2780 aliquit
990 2663 1257 2777 Epistolarum

271 2782 456 2898 Scriptor
471 2778 770 2876 informandus,
802 2781 937 2874 ledis,
962 2785 1034 2896 qui
1064 2782 1256 2871 maxima·

272 2926 514 2986 namnetum
540 2905 741 3012 interpres
769 2895 912 3008 liteJur
929 2901 1157 3014 Principia,
1184 2927 1256 2984 cu-

274 3017 334 3100 ius
348 3007 671 3109 florentillimunt
698 3013 1141 3129 domiestlmperium·‚
1169 3042 1254 3098 am·

270 3127 447 3246 pliffima
476 3132 584 3246 apud
600 3160 738 3218 omncs
753 3129 833 3216 lere
847 3155 1012 3241 genter,
1039 3125 1256 3243 omnesque

273 3249 409 3363 Reges
439 3249 687 3341 audimini,
717 3246 983 3334 humanarum
1008 3246 1255 3330 divinarum·

274 3395 365 3478 que·
385 3393 518 3452 rerum
606 3362 718 3450 tellas
746 3361 921 3452 summa,
950 3363 997 3448 dt
1025 3355 1253 3471 ungulatis.

276 3483 382 3594 Qut
397 3511 520 3597 quum
538 3391 653 3566 alliu
665 3479 920 3594 intelligatis,
952 3481 1177 3588 iamneque
1206 3474 1254 3560 il·

277 3599 347 3684 lud
359 3605 586 3708 expediere,
602 3625 627 3682 a
642 3625 704 3684 me
719 3596 872 3684 debetis
888 3657 900 3690 ‚
933 3591 1045 3709 quod
1060 3595 1102 3677 in
1117 3621 1254 3708 pronc-

184 3769 189 3778 ·
242 3729 244 3734 ’
275 3715 364 3804 mlir
384 3719 579 3804 Oratores
608 3740 746 3800 omnes
775 3712 906 3800 facere
935 3705 1255 3804 consueverunt.

276 3856 322 3917 ut
338 3831 440 3918 illud
455 3829 568 3917 suum
583 3885 596 3920 r
612 3829 900 3943 qualecumque
916 3824 999 3917 est,
1029 3823 1255 3911 dilanclent·

276 3947 431 4063 dequo
457 3946 608 4034 dicturi
640 3939 757 4030 lunt·
789 3936 997 4030 Pontificia
1022 3941 1159 4031 enim,
1189 3938 1256 4023 cui

276 4061 535 4158 inservimus,
558 4062 732 4177 dignitas
747 4060 818 4146 dat
833 4057 935 4144 mihi
947 4054 1101 4141 aditum
1127 4054 1260 4141 addi·

275 4181 450 4344 cendum
466 4181 582 4270 -adeo
605 4175 824 4276 illollrem,
853 4197 901 4278 ut
921 4173 1260 4368 superuacaneo&
