3725 5600
600 840 658 928 30
741 822 1045 908 Borrurcrr
1073 811 1448 905 anonrrr1o.

599 962 684 1022 non
715 938 908 1049 adjurat.
929 936 1012 1024 'sed
1044 936 1122 1022 crit
1150 929 1228 1018 hac
1254 929 1306 1018 de
1335 957 1380 1017 re
1394 928 1594 1031 sottaffe,

598 1074 724 1163 quum
759 1055 810 1138 de
839 1056 970 1140 verbis
1004 1076 1198 1167 agemus,
1228 1046 1592 1135 accommodatior

599 1164 762 1254 dicendi
776 1168 916 1255 locus.
944 1169 1112 1254 Interim
1130 1164 1269 1251 videor
1295 1190 1346 1249 ne
1359 1165 1474 1249 robis
1489 1168 1592 1279 opi·

596 1274 716 1369 ficem
737 1288 956 1371 verborum
971 1282 1186 1397 aliquem,
1215 1302 1287 1394 aut
1311 1276 1586 1393 scriptorem,

589 1395 663 1483 ¹rel
695 1395 981 1517 exscriptorem
997 1403 1130 1517 potius
1146 1394 1407 1483 formularum
1436 1390 1611 1517 deseri-n

597 1508 739 1624 pisse?
769 1516 833 1606 Tu
848 1547 971 1608 uero,
987 1519 1122 1629 inquit
1138 1512 1342 1601 Fumettirrr
1357 1573 1370 1607 ‚
1383 1538 1586 1622 magnum

597 1631 799 1739 quendam
838 1636 981 1720 uirum
1010 1654 1133 1744 atque
1161 1627 1440 1717 admirandum
1478 1626 1587 1713 mihi

597 1768 831 1860 proponere
863 1746 966 1838 risus
988 1779 1056 1837 es·
1084 1746 1200 1857 Quid
1229 1747 1336 1833 enim
1364 1740 1489 1829 abesse
1517 1740 1588 1827 illi

595 1858 731 1969 potest
759 1862 810 1950 de
831 1869 1105 1953 maximarum
1133 1889 1267 1953 retum
1290 1857 1481 1948 scientia,
1509 1860 1586 1971 qui

594 1974 780 2063 civilium
795 1980 1100 2094 diuinarumque
1114 2006 1248 2066 retum
1262 1975 1499 2091 cognitione
1514 2002 1587 2059 or·

592 2107 708 2204 natus
734 2088 815 2180 lit?
844 2100 894 2183 lit
914 2099 1088 2189 Fortius,
1119 2094 1318 2205 Maiorem
1345 2110 1454 2176 certe
1471 2140 1487 2179 ‚‹
1518 2092 1584 2173 in-

591 2208 712 2317 quit,
738 2236 860 2325 quam
877 2216 1057 2331 plerique
1072 2209 1318 2324 suspicantur
1331 2268 1344 2303 ,
1357 2209 1402 2291 dt
1416 2200 1582 2293 sortasse

591 2322 749 2417 etiam.
780 2357 903 2443 quam
918 2334 976 2419 rei
990 2332 1143 2447 petitur
1157 2347 1323 2412 natura.
1353 2316 1438 2405 Nili
1466 2316 1582 2407 forte

590 2431 831 2556 scriptorem
847 2445 965 2533 illum
983 2470 1098 2531 tuum
1112 2471 1196 2529 non
1209 2437 1411 2526 facultatis
1424 2432 1548 2546 ipfins
1560 2492 1579 2529 ‚

586 2547 653 2637 sed
674 2559 824 2670 ingenii
839 2560 884 2645 δι’
899 2562 1092 2646 doctrinm
1108 2580 1186 2643 tuae
1201 2553 1476 2671 magnitudine
1491 2580 1580 2637 me·

592 2667 666 2751 tiri
680 2670 868 2759 voluisti.
899 2676 1007 2759 Nam
1021 2700 1263 2787 quemquam
1278 2676 1319 2759 iu
1334 2670 1474 2757 eotibi
1492 2667 1578 2753 ual-
1652 2761 1654 2772 ,

589 2780 641 2866 dc
655 2780 869 2879 assentior.
901 2792 1014 2903 quod
1029 2794 1187 2875 inanem
1218 2788 1465 2904 aprincipio
1487 2784 1575 2871 elo·

589 2900 799 2987 cntionem
825 2899 1261 3016 fundituerepudialli(
1279 2901 1379 2988 nihil
1392 2897 1577 2993 estenim

576 3041 690 3133 ¹vana
705 3013 889 3132 futilique
906 3018 1157 3132 loquacitate
1173 3021 1442 3110 contemtiusr
1463 3028 1480 3121 )
1508 3041 1574 3102 ta·

584 3155 678 3216 men
691 3131 790 3218 illud
808 3162 981 3234 vertor,
1010 3157 1057 3222 ut
1070 3137 1146 3222 tibi
1160 3129 1329 3252 poffim.
1359 3129 1572 3222 Luceheli-

581 3248 656 3358 ni,
686 3250 936 3348 concedere,
967 3252 1079 3365 quod
1107 3250 1365 3364 epistolarum
1398 3241 1571 3334 Pontifi-

580 3362 737 3448 ciarum
747 3367 1018 3478 Scriptorires
1032 3365 1150 3461 illae,
1180 3367 1323 3480 quibus
1339 3369 1384 3449 in
1401 3360 1568 3479 ungulis

579 3474 788 3565 elaborare
803 3508 1069 3596 permagnum
1083 3479 1165 3578 esi,
1195 3503 1384 3594 oportere
1400 3477 1568 3564 statuisti

580 3589 682 3676 bene
711 3598 894 3708 cognitae
917 3597 1016 3693 effe,
1046 3594 1279 3712 penitusque
1308 3593 1565 3709 perspetins.

578 3706 712 3820 Atqui
745 3706 927 3822 egosatis
949 3709 1153 3827 superque
1165 3715 1391 3806 arbitrabar
1402 3711 1474 3799 else
1489 3768 1511 3846 ’.
1533 3707 1565 3800 fi

574 3824 953 4036 eltutus
971 3826 1238 4062 lietu
1261 3825 1564 4044 tellit
1613 3955 1615 3959 ι

573 4073 703 4167 atque
722 4081 911 4148 ornaret:
934 4064 983 4149 'id
1009 4062 1120 4178 quod
1139 4065 1230 4171 ejus
1261 4061 1436 4173 maxime
1462 4088 1561 4179 pro·

574 4175 712 4292 prium
743 4173 1015 4276 videturesse,
1042 4183 1297 4303 &practerea
1324 4171 1453 4299 ipsum
1482 4202 1560 4377 pesp
