3725 5600
617 792 667 871 16
752 784 1075 869 Bourmcrr
1103 801 1161 868 ou
1189 772 1471 861 Portet-uic.

609 926 699 985 rum
716 895 977 1015 Epistularum
993 899 1244 1009 Scriptoresr
1274 916 1374 1002 quot
1389 917 1440 977 ex
1463 916 1598 1006 angn-

608 1009 669 1096 sto
690 1012 993 1099 illoverborum
1021 1006 1193 1124 opificio
1209 1032 1282 1117 per
1297 1034 1361 1090 me
1390 1006 1597 1102 educior.

610 1127 757 1212 ridetis
770 1132 812 1211 in
830 1127 1101 1244 pulcherrima
1115 1123 1297 1210 ciuilium
1311 1148 1447 1206 rerum
1462 1118 1597 1208 scien-

610 1243 669 1325 tia
684 1240 1004 1329 latedomiuari·
1035 1241 1249 1325 Dominari
1263 1266 1398 1325 autem
1419 1297 1430 1328 .
1453 1242 1597 1351 inquit

608 1359 786 1442 arridens
803 1359 977 1452 Fortius,
1004 1377 1051 1443 ut
1066 1354 1136 1441 alii
1152 1356 1227 1441 tibi
1256 1353 1503 1445 concedant,
1519 1354 1595 1465 Ju-

610 1468 835 1558 risconsulti
849 1498 961 1558 certe
976 1469 1100 1557 nostri
1115 1472 1261 1558 acriter
1276 1472 1592 1585 repugnabunt.

609 1615 685 1673 nec
703 1618 801 1677 tero
817 1586 944 1674 ferent
958 1590 1205 1701 Scriptorem
1218 1581 1326 1670 hunc
1342 1606 1457 1670 tuum
1472 1586 1594 1672 illam

609 1699 722 1788 suam
737 1705 861 1789 veluti
876 1697 1148 1816 poffessioncm
1165 1700 1326 1813 depasci
1342 1756 1353 1777 ·
1383 1702 1593 1787 Provoca·

609 1819 713 1903 bunt
727 1822 852 1904 etiam
868 1820 919 1905 ad
936 1819 1170 1903 Furiettium
1186 1811 1361 1902 nostrum
1375 1876 1388 1909 ‚
1410 1818 1481 1928 qui
1496 1824 1514 1916 (
1528 1821 1593 1927 ju·

609 1934 645 2019 ri
670 1935 849 2019 dicundo
874 1962 999 2049 quum
1013 1929 1142 2050 praesrt
1158 1944 1174 2037 )
1188 1960 1277 2018 earn
1291 1930 1371 2015 iilis
1387 1934 1593 2017 actionem

608 2046 755 2146 dabit,
782 2076 870 2161 quae
896 2053 1006 2137 actio
1036 2049 1186 2135 dicitur
1214 2040 1356 2132 finium
1385 2049 1593 2161 regundo-

504 2244 506 2251 ,
610 2190 729 2249 rum.
761 2164 839 2252 Hic
855 2166 1090 2255 feriatim.
1121 2192 1322 2275 namque,
1346 2165 1508 2276 inquit,
1535 2162 1590 2251 aei

608 2274 806 2366 infinitam
822 2283 933 2369 illam
949 2278 1248 2367 multitudinem
1265 2281 1400 2365 litium
1416 2335 1430 2370 ,
1459 2282 1591 2367 varic·

605 2414 811 2511 ratemque
826 2394 1068 2490 caussarum,
1085 2422 1174 2509 qnae
1191 2422 1253 2481 nte
1268 2400 1412 2482 Roma
1427 2416 1589 2495 enecat,

604 2513 731 2597 ctiam
746 2512 851 2603 hanc
867 2511 1086 2597 molestiam
1100 2510 1285 2595 aiiumam
1301 2572 1314 2606 ,
1345 2530 1389 2596 ut
1402 2510 1588 2596 Tiburti·

604 2649 661 2707 no
676 2628 718 2709 in
734 2629 826 2710 otio
841 2627 890 2711 de
901 2626 1118 2740 pangendis
1133 2618 1275 2711 finibus
1286 2625 1587 2741 disciplinarum

605 2738 875 2854 cognoscam?
906 2742 1053 2828 Verum
1068 2803 1080 2837 ,
1096 2747 1111 2840 (
1127 2766 1171 2826 ut
1186 2744 1372 2857 opinor)
1399 2768 1462 2828 me
1477 2742 1587 2829 Luc·

602 2851 794 2941 chefinius
808 2857 983 2968 judicem
999 2860 1154 2965 rejiciet
1170 2914 1183 2950 ,
1206 2860 1447 2972 negabitque
1463 2853 1587 2966 Juris·

602 2968 828 3058 consultum
844 2974 894 3059 de
909 2968 1282 3083 Jurisconsultorum
1312 2970 1439 3058 cauffa
1464 3000 1584 3087 aequo

599 3083 706 3198 posse
734 3094 820 3198 jure
848 3089 1089 3180 decernere.
1123 3089 1229 3174 Tum
1245 3090 1339 3185 ille,
1369 3119 1450 3204 ego
1478 3119 1582 3176 uero

600 3228 681 3285 non
698 3204 852 3297 modo,
884 3209 1044 3319 inquit,
1075 3231 1157 3291 non
1171 3203 1339 3297 recuso,
1365 3201 1429 3292 sed
1453 3206 1580 3292 etiam

599 3315 857 3408 vehementer
887 3325 1008 3408 velim
1039 3349 1109 3408 vos
1137 3319 1330 3410 adhibere
1375 3321 1579 3419 arbitros,

597 3435 696 3543 qui,
726 3431 930 3548 aequiffimi
944 3437 1126 3521 omnium
1141 3464 1268 3550 quum
1283 3433 1391 3534 fitis,
1418 3437 1580 3522 nonita

556 3579 558 3582 ·
595 3543 764 3632 vestram
796 3546 1003 3636 scientiam
1034 3550 1348 3666 amplexamini,
1377 3572 1424 3640 ut
1437 3554 1580 3638 omnia

593 3657 658 3744 illi
674 3664 715 3746 in
730 3659 855 3750 finum
878 3669 1105 3780 congeratis
1122 3720 1133 3745 .
1163 3667 1298 3754 Fuerit
1311 3667 1392 3754 hoc
1408 3695 1580 3766 eorum,

592 3780 664 3892 qui
678 3777 870 3896 quaestus,
903 3809 952 3866 ac
966 3782 1196 3871 ambitionis
1211 3786 1346 3898 gratia
1375 3803 1504 3871 artem
1528 3783 1578 3870 il-

591 3891 674 3980 lam
706 3894 814 3986 suam
830 3896 912 3988 hoc
946 3892 1053 4012 quafi
1068 3903 1273 4014 praeconio
1287 3901 1575 3988 venditarunt.

592 4009 669 4094 Sed
696 4009 845 4098 habent
873 4032 978 4100 atter
1009 4009 1096 4100 suos
1111 4043 1277 4130 quaeque
1304 4009 1427 4110 fines,
1454 4036 1575 4102 extra

591 4149 722 4238 quos,
752 4123 866 4214 fifibi
881 4127 1243 4222 consentancaecik
1256 4129 1411 4227 velint,
1435 4130 1575 4264 egrefii

1526 4272 1577 4334 ua
