3725 5600
425 790 1094 911 Euromenscrtmourrus
1180 818 1258 905 103

267 903 413 1006 mihi,
434 912 504 1023 qui
519 905 795 1000 Hadrianum,
824 906 1058 1025 scriptorem
1086 905 1261 1005 latinum

269 1019 539 1134 elegantem,
570 1025 879 1142 &eloquentiae
910 1022 1141 1141 magistrum
1172 1054 1261 1115 nou

264 1137 500 1247 ignobilem
517 1135 607 1227 Pilia
635 1141 872 1233 audieram,
901 1145 1068 1263 omnino
1099 1140 1259 1256 plaeere
1374 1180 1375 1184 ¹

266 1280 356 1335 non
377 1274 570 1373 poterat.
603 1254 826 1347 Hadrianus
854 1260 961 1349 euim
992 1254 1090 1343 mihi
1115 1260 1257 1347 audior

266 1364 383 1461 fuit,
416 1368 754 1483 ut2s1sperataru
786 1372 912 1461 latine
941 1370 1137 1465 scribendi
1166 1372 1255 1485 glo·¹

262 1484 373 1571 riam
406 1484 595 1603 consequi
625 1487 765 1579 vellem
782 1550 794 1589 ,
809 1490 1048 1577 Ciceronem
1078 1492 1254 1577 maxime

264 1596 437 1713 lequere
517 1605 711 1715 nequead
729 1608 897 1724 ineptias
912 1607 1064 1695 abirem
1081 1663 1094 1701 2
1109 1602 1251 1722 quibua

263 1738 359 1799 erat
391 1632 526 1807 amic
554 1718 839 1813 aetasinfeera.
871 1724 999 1833 Hujus
1015 1721 1140 1832 igitur
1156 1715 1251 1807 hor·

264 1835 428 1921 tatione
459 1835 659 1923 excitatus
687 1898 699 1933 ‚
723 1832 1010 1961 praeceptisque
1042 1834 1253 1929 imbutust'

265 1972 386 2046 non,
416 1953 564 2041 Romae
589 1982 716 2071 quum
730 1952 873 2045 elsam,
903 1950 1014 2072 quod
1030 1946 1119 2039 Pifis
1133 1978 1251 2067 accce

264 2087 441 2170 peram,
475 2094 847 2187 quantumcumque
865 2088 977 2159 erat,
1008 2096 1151 2180 augere
1183 2066 1251 2157 de«

265 2174 349 2267 stiti
382 2182 583 2279 lectione,
612 2184 801 2303 &stylo·
832 2186 977 2272 Graeca
1006 2212 1098 2273 cum
1114 2180 1247 2273 latinis

265 2301 493 2409 conjunxi,
522 2321 646 2420 utque
661 2298 939 2395 Demosthenis
969 2300 1080 2389 vim,
1106 2297 1150 2384 &
1175 2290 1250 2383 nl-

265 2415 377 2499 mina
411 2415 452 2500 in
468 2416 643 2506 dicendo
673 2421 830 2535 penitus
859 2412 1173 2531 cognoscerem,
1202 2438 1249 2499 ca

266 2527 400 2616 caulla
415 2529 516 2618 mihi
533 2532 692 2648 aliquot
708 2538 791 2643 ejus
805 2535 1006 2625 orationes
1023 2528 1145 2617 latine
1160 2526 1247 2617 red·

267 2642 514 2733 dendifuit.
547 2650 689 2768 Neque
717 2648 776 2737 hir
790 2669 1007 2759 contentus
1038 2642 1245 2763 applicavi

266 2787 331 2848 ure
350 2762 404 2850 ad
420 2764 671 2862 amicitiam«,
700 2764 1073 2856 &familiaritatem
1103 2760 1246 2848 docto·

264 2904 356 2962 rum
373 2877 612 2972 hominurn,
642 2884 714 2998 qui
728 2901 815 2969 tum
831 2884 871 2966 in
886 2881 998 2974 Urbe
1014 2876 1216 2973 florebant
1232 2928 1245 2967 a

264 2991 308 3074 &
322 2989 488 3084 sanioris
502 2995 745 3114 eloquentiae
769 2995 1023 3113 disciplinam
1055 3014 1246 3084 revocare

263 3103 643 3221 seprofitebantur.
675 3111 748 3200 Hir
776 3134 913 3202 autem
929 3110 1098 3200 domum
1123 3101 1243 3206 suam,

264 3223 395 3323 ueluti
411 3224 609 3317 mularum
624 3225 888 3316 diversorium
902 3221 1124 3340 quoddam,
1134 3240 1245 3337 pate·

263 3337 421 3429 lecerat
447 3350 531 3456 jam
561 3342 763 3434 christina
805 3345 1026 3434 Svecorurn
1054 3340 1246 3450 Regina·

265 3458 470 3546 celebrata
499 3463 743 3553 carminibus
772 3460 958 3551 omnium
1003 3475 1244 3570 poetarum·

265 3572 359 3658 Erat
374 3575 540 3664 interim
555 3579 761 3667 Arcadum
775 3582 921 3689 Coetus¹
937 3570 1170 3665 institutus,
1198 3567 1245 3658 δε

263 3691 520 3803 maguaiude
547 3716 643 3780 orta
670 3691 875 3783 aemulatio
889 3685 1245 3802 studiorumopti·

263 3832 457 3904 morum,
486 3804 724 3922 creatusque
749 3805 941 3900 Pontifex
967 3803 1156 3895 Clemens
1172 3797 1243 3893 xl·

262 3946 459 4036 magnum
489 3923 768 4040 pulcherrimis
795 3924 948 4014 artibus
963 3919 1128 4013 lumen.
1158 3944 1241 4006 rna·

264 4065 390 4148 gnum
423 4036 647 4152 praefidium
675 4038 897 4130 attulerat·
928 4032 1017 4153 lpse
1045 4037 1153 4123 enim
1170 4031 1242 4121 doo

262 4154 353 4239 elur
375 4181 463 4242 nou
476 4179 646 4276 poterat
674 4153 912 4358 uop3forere
927 4156 970 4241 in
985 4150 1101 4248 aliis,
1132 4145 1246 4347 quosd

798 4300 829 4374 4
981 4353 983 4358 ,
1155 4290 1203 4350 en
1220 4288 1250 4350 u.
1354 4330 1357 4335 .
