<?xml version="1.0" encoding="UTF-8"?>
<!DOCTYPE html PUBLIC "-//W3C//DTD XHTML 1.0 Transitional//EN"
    "http://www.w3.org/TR/xhtml1/DTD/xhtml1-transitional.dtd">
<html xmlns="http://www.w3.org/1999/xhtml" xml:lang="en" lang="en">
 <head>
  <title>
</title>
<meta http-equiv="Content-Type" content="text/html;charset=utf-8" />
  <meta name='ocr-system' content='tesseract 3.04.00' />
  <meta name='ocr-capabilities' content='ocr_page ocr_carea ocr_par ocr_line ocrx_word'/>
</head>
<body>
  <div class='ocr_page' id='page_1' title='image "./philippibonamic00bonagoog_0323.png"; bbox 0 0 3725 5600; ppageno 0'>
   <div class='ocr_carea' id='block_1_1' title="bbox 291 877 1242 1228">
    <p class='ocr_par' dir='ltr' id='par_1_1' title="bbox 291 877 1242 1228">
     <span class='ocr_line' id='line_1_1' title="bbox 401 877 1242 1008; baseline -0.006 -38"><span class='ocrx_word' id='word_1_1' title='bbox 401 884 1077 970; x_wconf 67' lang='lat' dir='ltr'>hieroni-caunomnr</span> <span class='ocrx_word' id='word_1_2' title='bbox 1156 877 1242 1008; x_wconf 70' lang='lat'>²⁸3</span> 
     </span>
     <span class='ocr_line' id='line_1_2' title="bbox 291 1086 1164 1228; baseline -0.014 -19"><span class='ocrx_word' id='word_1_3' title='bbox 291 1223 295 1228; x_wconf 52' lang='grc'><strong>,</strong></span> <span class='ocrx_word' id='word_1_4' title='bbox 342 1117 633 1223; x_wconf 69' lang='lat' dir='ltr'>narnus</span> <span class='ocrx_word' id='word_1_5' title='bbox 671 1086 1164 1213; x_wconf 63' lang='lat' dir='ltr'>nonmnrmnss.</span> 
     </span>
    </p>
   </div>
   <div class='ocr_carea' id='block_1_2' title="bbox 257 1346 1260 2511">
    <p class='ocr_par' dir='ltr' id='par_1_2' title="bbox 330 1346 1252 1465">
     <span class='ocr_line' id='line_1_3' title="bbox 330 1346 1252 1465; baseline -0.002 -27"><span class='ocrx_word' id='word_1_6' title='bbox 330 1356 370 1438; x_wconf 92' lang='lat' dir='ltr'><strong>N</strong></span> <span class='ocrx_word' id='word_1_7' title='bbox 389 1351 470 1437; x_wconf 91' lang='lat' dir='ltr'>hoc</span> <span class='ocrx_word' id='word_1_8' title='bbox 485 1346 735 1437; x_wconf 84' lang='lat' dir='ltr'>adolescente</span> <span class='ocrx_word' id='word_1_9' title='bbox 751 1378 906 1463; x_wconf 83' lang='lat' dir='ltr'>magna.</span> <span class='ocrx_word' id='word_1_10' title='bbox 923 1353 1113 1464; x_wconf 78' lang='lat' dir='ltr'>apparuit</span> <span class='ocrx_word' id='word_1_11' title='bbox 1140 1352 1252 1465; x_wconf 83' lang='lat' dir='ltr'>inge·</span> 
     </span>
    </p>

    <p class='ocr_par' dir='ltr' id='par_1_3' title="bbox 257 1464 1260 2511">
     <span class='ocr_line' id='line_1_4' title="bbox 345 1464 1252 1579; baseline 0.001 -28"><span class='ocrx_word' id='word_1_12' title='bbox 345 1472 401 1553; x_wconf 91' lang='lat' dir='ltr'>nii</span> <span class='ocrx_word' id='word_1_13' title='bbox 417 1471 475 1553; x_wconf 83' lang='lat' dir='ltr'>vis</span> <span class='ocrx_word' id='word_1_14' title='bbox 486 1516 500 1551; x_wconf 90' lang='lat'>·.</span> <span class='ocrx_word' id='word_1_15' title='bbox 531 1468 715 1579; x_wconf 84' lang='lat' dir='ltr'>Legenda</span> <span class='ocrx_word' id='word_1_16' title='bbox 731 1464 818 1552; x_wconf 89' lang='lat' dir='ltr'>lunt</span> <span class='ocrx_word' id='word_1_17' title='bbox 834 1472 916 1577; x_wconf 89' lang='lat' dir='ltr'>ejus</span> <span class='ocrx_word' id='word_1_18' title='bbox 935 1470 1114 1553; x_wconf 86' lang='lat' dir='ltr'>carmina</span> <span class='ocrx_word' id='word_1_19' title='bbox 1144 1469 1185 1551; x_wconf 91' lang='lat' dir='ltr'>in</span> <span class='ocrx_word' id='word_1_20' title='bbox 1202 1467 1252 1553; x_wconf 83' lang='lat' dir='ltr'>li·</span> 
     </span>
     <span class='ocr_line' id='line_1_5' title="bbox 257 1583 1254 1698; baseline -0.001 -28"><span class='ocrx_word' id='word_1_21' title='bbox 257 1595 344 1680; x_wconf 87' lang='lat' dir='ltr'>bro</span> <span class='ocrx_word' id='word_1_22' title='bbox 362 1588 595 1697; x_wconf 83' lang='lat' dir='ltr'>Antuerpiae</span> <span class='ocrx_word' id='word_1_23' title='bbox 623 1583 737 1668; x_wconf 89' lang='lat' dir='ltr'>edito</span> <span class='ocrx_word' id='word_1_24' title='bbox 754 1608 954 1669; x_wconf 65' lang='lat' dir='ltr'>aeneam·</span> <span class='ocrx_word' id='word_1_25' title='bbox 973 1587 1083 1698; x_wconf 81' lang='lat' dir='ltr'>typis</span> <span class='ocrx_word' id='word_1_26' title='bbox 1098 1585 1254 1673; x_wconf 84' lang='lat' dir='ltr'>Planti·</span> 
     </span>
     <span class='ocr_line' id='line_1_6' title="bbox 262 1694 1254 1813; baseline -0.004 -25"><span class='ocrx_word' id='word_1_27' title='bbox 262 1699 431 1795; x_wconf 88' lang='lat' dir='ltr'>nianis,</span> <span class='ocrx_word' id='word_1_28' title='bbox 461 1704 530 1811; x_wconf 88' lang='lat' dir='ltr'>qui</span> <span class='ocrx_word' id='word_1_29' title='bbox 546 1698 774 1785; x_wconf 86' lang='lat' dir='ltr'>inscribitur</span> <span class='ocrx_word' id='word_1_30' title='bbox 790 1703 930 1813; x_wconf 77' lang='lat' dir='ltr'>Septem</span> <span class='ocrx_word' id='word_1_31' title='bbox 956 1694 1166 1789; x_wconf 79' lang='lat' dir='ltr'>illaiiriarn</span> <span class='ocrx_word' id='word_1_32' title='bbox 1187 1708 1254 1784; x_wconf 82' lang='lat' dir='ltr'>vi-</span> 
     </span>
     <span class='ocr_line' id='line_1_7' title="bbox 259 1812 1256 1911; baseline -0.008 0"><span class='ocrx_word' id='word_1_33' title='bbox 259 1846 395 1911; x_wconf 88' lang='lat' dir='ltr'>rorum</span> <span class='ocrx_word' id='word_1_34' title='bbox 410 1816 601 1901; x_wconf 83' lang='lat' dir='ltr'>-Premara</span> <span class='ocrx_word' id='word_1_35' title='bbox 619 1878 628 1899; x_wconf 91' lang='lat'><strong>.</strong></span> <span class='ocrx_word' id='word_1_36' title='bbox 661 1812 780 1900; x_wconf 90' lang='lat' dir='ltr'>Hunc</span> <span class='ocrx_word' id='word_1_37' title='bbox 807 1814 1035 1902; x_wconf 81' lang='lat' dir='ltr'>Alexander</span> <span class='ocrx_word' id='word_1_38' title='bbox 1051 1818 1141 1903; x_wconf 88' lang='lat' dir='ltr'><strong>VII.</strong></span> <span class='ocrx_word' id='word_1_39' title='bbox 1157 1816 1256 1903; x_wconf 84' lang='lat' dir='ltr'>Poe·</span> 
     </span>
     <span class='ocr_line' id='line_1_8' title="bbox 262 1930 1254 2049; baseline 0.005 -33"><span class='ocrx_word' id='word_1_40' title='bbox 262 1959 342 2033; x_wconf 72' lang='lat' dir='ltr'>to,</span> <span class='ocrx_word' id='word_1_41' title='bbox 372 1933 418 2016; x_wconf 72' lang='grc' dir='ltr'>ὅ(</span> <span class='ocrx_word' id='word_1_42' title='bbox 450 1932 638 2020; x_wconf 81' lang='lat' dir='ltr'>Pontifex</span> <span class='ocrx_word' id='word_1_43' title='bbox 667 1930 851 2026; x_wconf 83' lang='lat' dir='ltr'>illustris,</span> <span class='ocrx_word' id='word_1_44' title='bbox 883 1936 967 2049; x_wconf 80' lang='lat' dir='ltr'>ejus</span> <span class='ocrx_word' id='word_1_45' title='bbox 1001 1935 1254 2021; x_wconf 80' lang='lat' dir='ltr'>eruditione.</span> 
     </span>
     <span class='ocr_line' id='line_1_9' title="bbox 265 2046 1260 2167; baseline -0.006 -28"><span class='ocrx_word' id='word_1_46' title='bbox 265 2074 396 2166; x_wconf 79' lang='lat' dir='ltr'>atque</span> <span class='ocrx_word' id='word_1_47' title='bbox 413 2052 575 2167; x_wconf 87' lang='lat' dir='ltr'>ingenio</span> <span class='ocrx_word' id='word_1_48' title='bbox 591 2069 759 2165; x_wconf 82' lang='lat' dir='ltr'>captus,</span> <span class='ocrx_word' id='word_1_49' title='bbox 791 2052 1036 2137; x_wconf 85' lang='lat' dir='ltr'>Secrerarium</span> <span class='ocrx_word' id='word_1_50' title='bbox 1051 2046 1192 2145; x_wconf 88' lang='lat' dir='ltr'>suum,</span> <span class='ocrx_word' id='word_1_51' title='bbox 1211 2050 1260 2133; x_wconf 73' lang='grc' dir='ltr'>ὅτ</span> 
     </span>
     <span class='ocr_line' id='line_1_10' title="bbox 265 2161 1259 2283; baseline -0.005 -28"><span class='ocrx_word' id='word_1_52' title='bbox 265 2168 530 2255; x_wconf 83' lang='lat' dir='ltr'>Canonicum</span> <span class='ocrx_word' id='word_1_53' title='bbox 556 2161 726 2251; x_wconf 84' lang='lat' dir='ltr'>Balilicae</span> <span class='ocrx_word' id='word_1_54' title='bbox 741 2166 946 2254; x_wconf 83' lang='lat' dir='ltr'>Vaticanae</span> <span class='ocrx_word' id='word_1_55' title='bbox 976 2164 1100 2265; x_wconf 87' lang='lat' dir='ltr'>fecit,</span> <span class='ocrx_word' id='word_1_56' title='bbox 1130 2195 1259 2283; x_wconf 91' lang='lat' dir='ltr'><strong>quum</strong></span> 
     </span>
     <span class='ocr_line' id='line_1_11' title="bbox 267 2279 1260 2397; baseline -0.005 -26"><span class='ocrx_word' id='word_1_57' title='bbox 267 2312 399 2371; x_wconf 76' lang='lat' dir='ltr'>annos</span> <span class='ocrx_word' id='word_1_58' title='bbox 432 2282 613 2367; x_wconf 86' lang='lat' dir='ltr'>nondum</span> <span class='ocrx_word' id='word_1_59' title='bbox 644 2279 961 2371; x_wconf 78' lang='lat' dir='ltr'>haberetxxrn.</span> <span class='ocrx_word' id='word_1_60' title='bbox 993 2282 1138 2397; x_wconf 88' lang='lat' dir='ltr'>Neque</span> <span class='ocrx_word' id='word_1_61' title='bbox 1172 2286 1260 2370; x_wconf 88' lang='lat' dir='ltr'>diu-</span> 
     </span>
     <span class='ocr_line' id='line_1_12' title="bbox 269 2395 1260 2511; baseline -0.002 -26"><span class='ocrx_word' id='word_1_62' title='bbox 269 2404 356 2485; x_wconf 88' lang='lat' dir='ltr'>tius</span> <span class='ocrx_word' id='word_1_63' title='bbox 375 2425 425 2482; x_wconf 92' lang='lat' dir='ltr'>eo</span> <span class='ocrx_word' id='word_1_64' title='bbox 436 2396 591 2483; x_wconf 86' lang='lat' dir='ltr'>honore</span> <span class='ocrx_word' id='word_1_65' title='bbox 621 2395 700 2511; x_wconf 63' lang='lat' dir='ltr'>frui</span> <span class='ocrx_word' id='word_1_66' title='bbox 715 2400 878 2510; x_wconf 87' lang='lat' dir='ltr'>potuit·</span> <span class='ocrx_word' id='word_1_67' title='bbox 912 2397 1134 2485; x_wconf 88' lang='lat' dir='ltr'>Immature</span> <span class='ocrx_word' id='word_1_68' title='bbox 1149 2401 1260 2486; x_wconf 85' lang='lat' dir='ltr'>enim</span> 
     </span>
    </p>
   </div>
   <div class='ocr_carea' id='block_1_3' title="bbox 255 2509 1414 2627">
    <p class='ocr_par' dir='ltr' id='par_1_4' title="bbox 255 2509 1414 2627">
     <span class='ocr_line' id='line_1_13' title="bbox 255 2509 1414 2627; baseline -0.003 -24"><span class='ocrx_word' id='word_1_69' title='bbox 255 2516 463 2609; x_wconf 83' lang='lat' dir='ltr'>interiit,</span> <span class='ocrx_word' id='word_1_70' title='bbox 495 2509 792 2627; x_wconf 86' lang='lat' dir='ltr'>tumulatusque</span> <span class='ocrx_word' id='word_1_71' title='bbox 807 2511 862 2600; x_wconf 86' lang='lat' dir='ltr'>est</span> <span class='ocrx_word' id='word_1_72' title='bbox 877 2516 920 2598; x_wconf 90' lang='lat' dir='ltr'>in</span> <span class='ocrx_word' id='word_1_73' title='bbox 936 2511 1151 2627; x_wconf 82' lang='lat' dir='ltr'>sepulchro</span> <span class='ocrx_word' id='word_1_74' title='bbox 1190 2544 1265 2604; x_wconf 83' lang='lat' dir='ltr'>ex·</span> <span class='ocrx_word' id='word_1_75' title='bbox 1410 2604 1414 2612; x_wconf 73' lang='grc'>,</span> 
     </span>
    </p>
   </div>
   <div class='ocr_carea' id='block_1_4' title="bbox 273 2624 1267 2862">
    <p class='ocr_par' dir='ltr' id='par_1_5' title="bbox 273 2624 1267 2862">
     <span class='ocr_line' id='line_1_14' title="bbox 273 2624 1267 2746; baseline 0.001 -28"><span class='ocrx_word' id='word_1_76' title='bbox 273 2632 421 2718; x_wconf 73' lang='lat' dir='ltr'>trodio</span> <span class='ocrx_word' id='word_1_77' title='bbox 435 2624 646 2745; x_wconf 83' lang='lat' dir='ltr'>magnifiee</span> <span class='ocrx_word' id='word_1_78' title='bbox 661 2628 886 2746; x_wconf 88' lang='lat' dir='ltr'>inTemplo</span> <span class='ocrx_word' id='word_1_79' title='bbox 901 2634 937 2718; x_wconf 83' lang='lat' dir='ltr'>S.</span> <span class='ocrx_word' id='word_1_80' title='bbox 948 2631 1089 2717; x_wconf 84' lang='lat' dir='ltr'>Mariae</span> <span class='ocrx_word' id='word_1_81' title='bbox 1106 2630 1267 2719; x_wconf 81' lang='lat' dir='ltr'>adPor·</span> 
     </span>
     <span class='ocr_line' id='line_1_15' title="bbox 275 2744 1267 2862; baseline 0 -27"><span class='ocrx_word' id='word_1_82' title='bbox 275 2770 370 2835; x_wconf 82' lang='lat' dir='ltr'>tarn</span> <span class='ocrx_word' id='word_1_83' title='bbox 401 2747 660 2834; x_wconf 78' lang='lat' dir='ltr'>Flaminiam.</span> <span class='ocrx_word' id='word_1_84' title='bbox 684 2746 777 2833; x_wconf 89' lang='lat' dir='ltr'>Hoc</span> <span class='ocrx_word' id='word_1_85' title='bbox 808 2766 946 2836; x_wconf 87' lang='lat' dir='ltr'>autem</span> <span class='ocrx_word' id='word_1_86' title='bbox 976 2754 1060 2862; x_wconf 79' lang='lat' dir='ltr'>ejus</span> <span class='ocrx_word' id='word_1_87' title='bbox 1091 2744 1146 2834; x_wconf 86' lang='lat' dir='ltr'>est</span> <span class='ocrx_word' id='word_1_88' title='bbox 1175 2750 1267 2836; x_wconf 85' lang='lat' dir='ltr'>Elo-</span> 
     </span>
    </p>
   </div>
   <div class='ocr_carea' id='block_1_5' title="bbox 280 2861 1272 3096">
    <p class='ocr_par' dir='ltr' id='par_1_6' title="bbox 280 2861 1272 3096">
     <span class='ocr_line' id='line_1_16' title="bbox 280 2861 1272 2979; baseline -0.001 -31"><span class='ocrx_word' id='word_1_89' title='bbox 280 2869 419 2979; x_wconf 79' lang='lat' dir='ltr'>gium&#39;,</span> <span class='ocrx_word' id='word_1_90' title='bbox 437 2863 547 2976; x_wconf 92' lang='lat' dir='ltr'>quod</span> <span class='ocrx_word' id='word_1_91' title='bbox 565 2868 689 2951; x_wconf 86' lang='lat' dir='ltr'>etiam</span> <span class='ocrx_word' id='word_1_92' title='bbox 714 2895 739 2947; x_wconf 86' lang='lat' dir='ltr'>a</span> <span class='ocrx_word' id='word_1_93' title='bbox 758 2861 970 2954; x_wconf 84' lang='lat' dir='ltr'>Mandofio</span> <span class='ocrx_word' id='word_1_94' title='bbox 985 2870 1027 2952; x_wconf 90' lang='lat' dir='ltr'>in</span> <span class='ocrx_word' id='word_1_95' title='bbox 1044 2865 1272 2955; x_wconf 78' lang='lat' dir='ltr'>Bibliothe.</span> 
     </span>
     <span class='ocr_line' id='line_1_17' title="bbox 282 2979 1036 3096; baseline -0.007 -32"><span class='ocrx_word' id='word_1_96' title='bbox 282 3009 335 3066; x_wconf 88' lang='lat' dir='ltr'>ca</span> <span class='ocrx_word' id='word_1_97' title='bbox 350 2984 543 3070; x_wconf 65' lang='lat' dir='ltr'>Romana</span> <span class='ocrx_word' id='word_1_98' title='bbox 560 2980 728 3066; x_wconf 83' lang='lat' dir='ltr'>affertur:</span> <span class='ocrx_word' id='word_1_99' title='bbox 741 2979 820 3065; x_wconf 84' lang='lat' dir='ltr'>To·</span> <span class='ocrx_word' id='word_1_100' title='bbox 837 2983 890 3065; x_wconf 85' lang='lat'>11.</span> <span class='ocrx_word' id='word_1_101' title='bbox 906 3007 1036 3096; x_wconf 82' lang='lat' dir='ltr'><strong>p·213.</strong></span> 
     </span>
    </p>
   </div>
   <div class='ocr_carea' id='block_1_6' title="bbox 298 3209 1283 4460">
    <p class='ocr_par' dir='ltr' id='par_1_7' title="bbox 298 3209 1283 4460">
     <span class='ocr_line' id='line_1_18' title="bbox 344 3209 1240 3323; baseline -0.007 -22"><span class='ocrx_word' id='word_1_102' title='bbox 344 3210 486 3301; x_wconf 80' lang='lat' dir='ltr'>Natali</span> <span class='ocrx_word' id='word_1_103' title='bbox 509 3213 716 3298; x_wconf 75' lang='lat' dir='ltr'>linndininr</span> <span class='ocrx_word' id='word_1_104' title='bbox 741 3210 905 3297; x_wconf 86' lang='lat' dir='ltr'>Romana</span> <span class='ocrx_word' id='word_1_105' title='bbox 927 3211 1136 3298; x_wconf 77' lang='lat' dir='ltr'>Alexandri</span> <span class='ocrx_word' id='word_1_106' title='bbox 1150 3209 1215 3323; x_wconf 79' lang='lat' dir='ltr'>fil.</span> <span class='ocrx_word' id='word_1_107' title='bbox 1238 3265 1240 3270; x_wconf 91' lang='lat'>·</span> 
     </span>
     <span class='ocr_line' id='line_1_19' title="bbox 346 3329 1217 3443; baseline -0.005 -27"><span class='ocrx_word' id='word_1_108' title='bbox 346 3331 459 3416; x_wconf 86' lang='lat' dir='ltr'>Pauli</span> <span class='ocrx_word' id='word_1_109' title='bbox 475 3331 617 3414; x_wconf 82' lang='lat' dir='ltr'>AEmilii</span> <span class='ocrx_word' id='word_1_110' title='bbox 634 3329 818 3432; x_wconf 65' lang='lat' dir='ltr'>Carni-Fr„</span> <span class='ocrx_word' id='word_1_111' title='bbox 822 3335 963 3443; x_wconf 79' lang='lat' dir='ltr'>pietate</span> <span class='ocrx_word' id='word_1_112' title='bbox 977 3335 1117 3442; x_wconf 84' lang='lat' dir='ltr'>ingenia</span> <span class='ocrx_word' id='word_1_113' title='bbox 1133 3357 1217 3412; x_wconf 89' lang='lat' dir='ltr'>eru·</span> 
     </span>
     <span class='ocr_line' id='line_1_20' title="bbox 346 3443 1274 3560; baseline -0.01 -27"><span class='ocrx_word' id='word_1_114' title='bbox 346 3447 485 3533; x_wconf 74' lang='lat' dir='ltr'>ditione</span> <span class='ocrx_word' id='word_1_115' title='bbox 501 3447 672 3531; x_wconf 81' lang='lat' dir='ltr'>Romana</span> <span class='ocrx_word' id='word_1_116' title='bbox 676 3451 901 3560; x_wconf 81' lang='lat' dir='ltr'>juventutis</span> <span class='ocrx_word' id='word_1_117' title='bbox 911 3444 1030 3556; x_wconf 84' lang='lat' dir='ltr'>facile</span> <span class='ocrx_word' id='word_1_118' title='bbox 1046 3443 1217 3556; x_wconf 76' lang='lat' dir='ltr'>Principi</span> <span class='ocrx_word' id='word_1_119' title='bbox 1270 3453 1274 3466; x_wconf 90' lang='lat'>&#39;</span> 
     </span>
     <span class='ocr_line' id='line_1_21' title="bbox 349 3557 1220 3687; baseline -0.006 -41"><span class='ocrx_word' id='word_1_120' title='bbox 349 3557 1220 3687; x_wconf 50' lang='lat' dir='ltr'>quixxv11·annamagensabAlererllPM·</span> 
     </span>
     <span class='ocr_line' id='line_1_22' title="bbox 353 3676 1220 3795; baseline -0.006 -34"><span class='ocrx_word' id='word_1_121' title='bbox 353 3677 551 3786; x_wconf 67' lang='lat' dir='ltr'>Prasiiius</span> <span class='ocrx_word' id='word_1_122' title='bbox 580 3679 766 3795; x_wconf 77' lang='lat' dir='ltr'>Epilialis&#39;</span> <span class='ocrx_word' id='word_1_123' title='bbox 784 3680 831 3763; x_wconf 87' lang='lat' dir='ltr'>ad</span> <span class='ocrx_word' id='word_1_124' title='bbox 862 3676 1049 3794; x_wconf 79' lang='lat' dir='ltr'>Principes</span> <span class='ocrx_word' id='word_1_125' title='bbox 1077 3701 1220 3791; x_wconf 81' lang='lat' dir='ltr'>operam</span> 
     </span>
     <span class='ocr_line' id='line_1_23' title="bbox 352 3791 1260 3910; baseline -0.006 -31"><span class='ocrx_word' id='word_1_126' title='bbox 352 3794 464 3908; x_wconf 78' lang='lat' dir='ltr'>suam</span> <span class='ocrx_word' id='word_1_127' title='bbox 481 3792 584 3878; x_wconf 87' lang='lat' dir='ltr'>Panr.</span> <span class='ocrx_word' id='word_1_128' title='bbox 609 3795 869 3910; x_wconf 79' lang='lat' dir='ltr'>sapienriffima</span> <span class='ocrx_word' id='word_1_129' title='bbox 899 3803 963 3878; x_wconf 81' lang='lat' dir='ltr'>ira·</span> <span class='ocrx_word' id='word_1_130' title='bbox 979 3793 1158 3908; x_wconf 79' lang='lat' dir='ltr'>probavit</span> <span class='ocrx_word' id='word_1_131' title='bbox 1175 3791 1221 3876; x_wconf 75' lang='lat' dir='ltr'>u&#39;t</span> <span class='ocrx_word' id='word_1_132' title='bbox 1257 3891 1260 3896; x_wconf 15' lang='grc' dir='ltr'>Ι</span> 
     </span>
     <span class='ocr_line' id='line_1_24' title="bbox 355 3907 1231 4015; baseline -0.008 -18"><span class='ocrx_word' id='word_1_133' title='bbox 355 3941 440 3997; x_wconf 87' lang='lat' dir='ltr'>marr</span> <span class='ocrx_word' id='word_1_134' title='bbox 457 3912 503 3997; x_wconf 82' lang='lat' dir='ltr'>alr</span> <span class='ocrx_word' id='word_1_135' title='bbox 519 3941 554 3995; x_wconf 86' lang='lat' dir='ltr'>ea</span> <span class='ocrx_word' id='word_1_136' title='bbox 570 3911 795 3995; x_wconf 87' lang='lat' dir='ltr'>Cananicaru</span> <span class='ocrx_word' id='word_1_137' title='bbox 815 3915 936 3996; x_wconf 84' lang='lat' dir='ltr'>Varia·</span> <span class='ocrx_word' id='word_1_138' title='bbox 958 3907 1061 4015; x_wconf 83' lang='lat' dir='ltr'>Bafil·</span> <span class='ocrx_word' id='word_1_139' title='bbox 1088 3914 1231 4008; x_wconf 70' lang='lat' dir='ltr'>aniius¹</span> 
     </span>
     <span class='ocr_line' id='line_1_25' title="bbox 354 4018 1227 4140; baseline -0.003 -30"><span class='ocrx_word' id='word_1_140' title='bbox 354 4031 477 4138; x_wconf 77' lang='lat' dir='ltr'>fiacrir</span> <span class='ocrx_word' id='word_1_141' title='bbox 493 4018 648 4112; x_wconf 66' lang='lat' dir='ltr'>noirain</span> <span class='ocrx_word' id='word_1_142' title='bbox 664 4029 870 4134; x_wconf 75' lang='lat' dir='ltr'>domesticas</span> <span class='ocrx_word' id='word_1_143' title='bbox 895 4033 1076 4140; x_wconf 83' lang='lat' dir='ltr'>imagines</span> <span class='ocrx_word' id='word_1_144' title='bbox 1091 4027 1227 4109; x_wconf 81' lang='lat' dir='ltr'>decora·</span> 
     </span>
     <span class='ocr_line' id='line_1_26' title="bbox 361 4142 1225 4260; baseline -0.005 -33"><span class='ocrx_word' id='word_1_145' title='bbox 361 4146 540 4230; x_wconf 80' lang='lat' dir='ltr'>illaturus</span> <span class='ocrx_word' id='word_1_146' title='bbox 556 4143 625 4251; x_wconf 83' lang='lat' dir='ltr'>nifi</span> <span class='ocrx_word' id='word_1_147' title='bbox 637 4153 777 4260; x_wconf 80' lang='lat' dir='ltr'>majora</span> <span class='ocrx_word' id='word_1_148' title='bbox 796 4151 843 4224; x_wconf 89' lang='lat' dir='ltr'>in</span> <span class='ocrx_word' id='word_1_149' title='bbox 865 4145 940 4226; x_wconf 80' lang='lat' dir='ltr'>dier</span> <span class='ocrx_word' id='word_1_150' title='bbox 957 4142 1225 4256; x_wconf 74' lang='lat' dir='ltr'>dasepallr&#39;can-</span> 
     </span>
     <span class='ocr_line' id='line_1_27' title="bbox 361 4256 1224 4380; baseline -0.012 -33"><span class='ocrx_word' id='word_1_151' title='bbox 361 4283 438 4347; x_wconf 81' lang='lat' dir='ltr'>rem</span> <span class='ocrx_word' id='word_1_152' title='bbox 468 4269 656 4380; x_wconf 78' lang='lat' dir='ltr'>repentina</span> <span class='ocrx_word' id='word_1_153' title='bbox 686 4269 752 4347; x_wconf 85' lang='lat' dir='ltr'>vir</span> <span class='ocrx_word' id='word_1_154' title='bbox 781 4259 901 4346; x_wconf 78' lang='lat' dir='ltr'>morbi</span> <span class='ocrx_word' id='word_1_155' title='bbox 927 4267 969 4344; x_wconf 90' lang='lat' dir='ltr'>in</span> <span class='ocrx_word' id='word_1_156' title='bbox 997 4261 1072 4373; x_wconf 73' lang='lat' dir='ltr'>ipsa</span> <span class='ocrx_word' id='word_1_157' title='bbox 1103 4256 1224 4345; x_wconf 82' lang='lat' dir='ltr'>robore</span> 
     </span>
     <span class='ocr_line' id='line_1_28' title="bbox 298 4377 1283 4460; baseline -0.001 1"><span class='ocrx_word' id='word_1_158' title='bbox 298 4407 324 4432; x_wconf 88' lang='lat'>··</span> <span class='ocrx_word' id='word_1_159' title='bbox 1161 4377 1283 4460; x_wconf 81' lang='lat' dir='ltr'>araris</span> 
     </span>
    </p>
   </div>
   <div class='ocr_carea' id='block_1_7' title="bbox 0 0 1931 5600">
    <p class='ocr_par' dir='ltr' id='par_1_8' title="bbox 0 0 1931 5600">
     <span class='ocr_line' id='line_1_29' title="bbox 0 0 1931 5600; baseline 0 0"><span class='ocrx_word' id='word_1_160' title='bbox 0 0 1931 5600; x_wconf 95' lang='lat' dir='ltr'> </span> 
     </span>
    </p>
   </div>
  </div>
 </body>
</html>
