3725 5600
432 846 662 928 Buteone.
693 843 1125 927 summumne·
1195 866 1268 954 neg

274 957 417 1046 anial·
436 980 677 1042 nocccnvt':
685 958 777 1043 Cum
792 963 918 1069 neoeffe
921 959 974 1065 fit
989 958 1066 1044 Nos
1080 964 1267 1047 interdum

273 1102 349 1192 pro
381 1082 544 1169 uotiuis,
573 1078 617 1170 ὁ)
646 1074 988 1185 Romane-Ecclefiae
1005 1083 1155 1190 negotiis
1173 1084 1268 1159 mit·

278 1217 370 1279 tere
399 1194 448 1275 ad
477 1192 645 1301 diuersas
663 1194 792 1274 mundi
806 1214 935 1305 partes
951 1190 1122 1277 dilubium
1133 1192 1263 1301 filium

280 1308 443 1396 nobilem
471 1314 602 1392 virum
631 1303 839 1390 Nicolaum
859 1305 1046 1393 Perottunt
1072 1369 1084 1400 ,
1114 1306 1263 1394 Paetum

281 1425 502 1510 laureatum
534 1482 544 1516 ,
575 1423 827 1507 Secretarium'
846 1424 1005 1529 nostrum
1033 1478 1044 1512 ,
1076 1426 1120 1518 ό
1149 1427 1265 1509 nonu·

280 1540 397 1625 Sacri
426 1535 675 1641 Laterauenfis
707 1536 849 1621 Palatii
875 1539 1049 1621 Comitem
1081 1541 1155 1632 &a

350 1648 574 1737 cardinalis
607 1648 834 1735 Beffarionis
860 1648 1113 1737 amiciffimus
1143 1649 1219 1738 fuit
1249 1692 1262 1746 ·,

283 1767 352 1854 sed
371 1769 429 1853 illi
446 1764 728 1881 intempestivo
743 1762 878 1853 officio
895 1767 965 1852 suo
977 1764 1262 1853 Pontificatum

285 1881 474 1971 ademisse
484 1885 633 1969 dicitur
649 1940 658 1959 ·
676 1886 782 1968 Nam
799 1888 881 1995 ejus
899 1887 940 1967 in
956 1884 1154 1969 Concltvi
1176 1882 1265 1997 post

284 2000 403 2085 Pauli
449 2002 501 2083 11.
527 1998 686 2084 obitum
723 2000 1020 2085 contubernalis
1064 2023 1143 2086 tres
1170 2002 1267 2085 Car·

286 2114 471 2214 dinales,
502 2119 572 2227 qui
603 2116 643 2197 in
672 2114 862 2199 Comitiis
895 2116 1065 2201 tnuitutn
1096 2118 1268 2200 auetori-

285 2255 380 2317 tate
402 2231 636 2351 pollebant,
659 2232 807 2343 quique
834 2229 899 2316 fua
919 2273 923 2281 ·
940 2228 1161 2337 Beffarioni·
1190 2226 1265 2316 tufi

284 2345 418 2459 fragia
446 2342 711 2437 deferebant,
733 2342 929 2444 exclusit,
956 2344 1135 2432 causatus
1151 2346 1265 2432 abeo

283 2461 423 2549 studiis
452 2464 607 2548 intento
634 2462 795 2547 admitti
825 2468 1050 2549 neminem·
1087 2457 1265 2548 liliiubi·

285 2578 372 2672 uati
407 2575 646 2672 discedunt,
673 2574 880 2693 studiaque
905 2578 970 2664 sua
999 2581 1135 2664 omniu
1160 2576 1265 2665 defe-

287 2697 466 2782 runt'ad
498 2692 754 2778 Gardinalem
801 2694 1046 2782 Franciscum
1077 2726 1101 2780 a
1129 2698 1265 2783 Ruve⁴

290 2839 337 2897 re
368 2812 638 2926 eligendum,
678 2815 746 2895 cui
775 2813 892 2897 Sixto
922 2815 995 2900 lv.
1019 2843 1167 2900 nomen
1206 2817 1265 2897 in·

285 2929 423 3015 ditum
447 2929 549 3016 fuit.
580 2927 699 3012 Adeo
727 2925 790 3012 tel
822 2956 955 3041 parunt
985 2957 1044 3012 res
1075 2957 1264 3042 magnum

284 3049 332 3132 in
355 3047 546 3132 Comitiia
572 3064 821 3128 momentum
853 3043 1022 3129 afferunt
1047 3045 1098 3128 ad
1127 3072 1266 3160 repen·

282 3167 419 3248 tinam
449 3160 703 3247 voluntatum
732 3156 1057 3243 inclinationem!
1090 3158 1163 3243 Sed
1193 3160 1265 3245 Pe·

284 3301 420 3364 rottus
451 3273 597 3362 ansul·
630 3287 738 3378 1458·
772 3270 1113 3388 Archiepiscopus'
1131 3275 1284 3386 Sipon'

283 3398 395 3479 tinus
424 3417 581 3479 creatus
615 3453 628 3488 ,
657 3393 765 3476 obiit
802 3388 990 3476 annotat.
1008 3400 1120 3493 1480.
1146 3390 1268 3504 Extat

285 3509 584 3626 Epitaphium,
608 3505 728 3623 quod
749 3507 903 3592 Gentili
932 3501 1003 3592 suo
1033 3509 1265 3618 Torquatus

283 3624 475 3712 Perottus
490 3623 723 3740 ponendum
735 3625 917 3714 curavit,
940 3651 1025 3736 quo
1042 3617 1263 3736 Epitaphio

284 3741 460 3831 Nicolai
487 3745 573 3832 vita
605 3735 685 3824 fere
700 3743 831 3824 omnia
864 3743 1151 3824 contineatur.
1255 3775 1261 3788 ¹

284 4092 293 4102 ⁸
347 4089 502 4178 Ntcuao
531 3969 981 4196 Pontii'taiij‘erriienfi
992 4144 1004 4177 ,
1030 4083 1073 4169 ob
1105 4085 1268 4170 rectudi-

285 4229 370 4366 tem
396 4209 667 4332 minimum,
695 4205 908 4317 linguarum
935 4204 1267 4402 pointipumtgcg:
