3725 5600
601 830 678 917 ,γε
776 814 1076 911 Boriurcct
1117 805 1485 897 otPoururtc.

619 936 744 1017 batur
760 985 772 1019 ,
787 925 982 1013 reservata
997 919 1184 1015 Pontifici
1199 923 1353 1013 creatio
1366 920 1477 1020 (hoc
1492 923 1605 1008 euim

621 1048 710 1161 iege
725 1065 811 1129 erat
826 1039 942 1156 ipsius
961 1041 1188 1129 luuotentii
1203 1036 1432 1139 sancitum),
1456 1038 1605 1125 deinde
1681 1100 1682 1109 r

621 1164 872 1274 reliquorum
897 1158 1102 1252 delectus,
1132 1156 1201 1269 qui
1219 1153 1407 1265 Collegio
1431 1157 1497 1239 ita
1513 1177 1605 1240 erat
1681 1250 1682 1255 Ν

621 1273 848 1378 conceffus,
877 1297 924 1360 ut
939 1276 1113 1359 maxima
1141 1298 1238 1355 cura
1253 1262 1387 1355 fieret:
1420 1293 1510 1355 tum
1536 1270 1607 1356 de·
1681 1306 1682 1313 Ν

623 1419 735 1478 mum
752 1391 975 1477 communia
989 1387 1086 1482 illa,
1114 1386 1165 1476 de
1180 1413 1260 1498 qua
1275 1380 1602 1501 supradiximus,

623 1512 775 1617 injecta
805 1504 1033 1592 hominibus
1064 1503 1115 1591 ad
1146 1503 1324 1615 optimas
1353 1523 1457 1588 artes
1490 1530 1602 1589 com-

623 1626 759 1708 motio
791 1679 801 1700 ·
830 1627 941 1709 Nam
969 1615 1175 1706 Pontificis
1223 1614 1341 1701 valde
1373 1620 1600 1712 intererat,

620 1736 859 1853 scriptorem
874 1736 1020 1822 habere
1034 1735 1202 1821 dodum
1219 1792 1231 1827 ,
1254 1753 1374 1845 atque
1391 1734 1599 1825 idoneum,

621 1856 693 1968 qui
704 1849 803 1944 suo,
832 1879 916 1939 nou
931 1850 1063 1936 alieno
1092 1850 1216 1940 lectus
1239 1849 1440 1939 arbitrio,
1469 1844 1601 1943 coufi-

621 1970 680 2053 lia
708 1971 923 2084 grauiora,
954 1990 1078 2083 atque
1107 1965 1246 2052 abdita
1275 1964 1527 2075 explicaret:
1557 1965 1600 2047 δι

621 2084 798 2197 Collegii
834 2086 1008 2197 dignitas
1038 2079 1262 2200 postulabat
1293 2140 1306 2173 ,
1347 2104 1394 2165 ut
1424 2080 1597 2171 eadem,

621 2228 712 2314 quae
729 2199 885 2292 suerat,
913 2220 1094 2286 maneret
1124 2201 1164 2281 iu
1181 2226 1230 2283 eo
1247 2195 1351 2281 fama
1367 2195 1592 2282 dodtrinae.

620 2316 771 2402 Tantus
788 2347 916 2433 porro
945 2338 1079 2403 autem
1094 2334 1180 2401 erat
1208 2343 1257 2397 eo
1275 2335 1457 2425 tempore
1472 2312 1595 2399 ardor

618 2428 908 2521 studiosorum,
937 2452 984 2516 ut
1012 2432 1111 2518 licet
1141 2428 1221 2514 alio
1251 2423 1592 2520 distraciacurua

618 2544 892 2637 Pontificum,
923 2568 1130 2661 tamquam
1159 2563 1297 2629 ventus
1329 2540 1510 2635 homines
1527 2546 1595 2631 de·
1656 2594 1661 2613 ·

617 2661 748 2749 feciffe
775 2664 980 2746 uideretur
1002 2724 1014 2758 ,
1039 2690 1120 2746 uon
1149 2656 1426 2751 flaccescereut
1458 2683 1593 2751 tamen

617 2775 745 2863 studia
762 2775 984 2862 liberalium
1000 2775 1298 2890 disciplinarum
1312 2841 1322 2860 .
1338 2778 1479 2889 Itaque
1496 2809 1594 2894 prae,-

617 2894 717 2978 clari
731 2920 785 2978 eit
800 2892 880 2977 hoc
897 2915 1066 2982 numero
1097 2889 1309 3008 scriptores
1328 2954 1340 2990 ,
1366 2895 1410 2976 ὅ(
1428 2889 1593 2982 Pontifi-

616 3037 665 3095 ce
695 3006 776 3095 hoc
804 3009 1043 3096 innocentio
1064 3013 1255 3103 Odium,
1283 3013 1329 3097 ὅ(
1359 3008 1592 3098 Alexandro

617 3129 743 3210 Sexto
757 3134 774 3224 (
789 3127 911 3211 mitto
922 3133 1033 3213 enim
1048 3127 1162 3212 Pium
1177 3123 1388 3220 Tertium,
1412 3127 1483 3237 qui
1500 3156 1592 3240 pau·

614 3244 674 3325 cis
702 3241 839 3329 diebus
869 3245 910 3328 in
925 3237 1167 3331 Pontificatu
1183 3239 1261 3327 fuit
1277 3253 1323 3350 ),;
1341 3245 1385 3332 ὃῑ
1399 3237 1485 3357 ipso
1518 3243 1588 3326 illo

611 3357 721 3469 Jalio
736 3359 947 3449 Secundo,
977 3361 1047 3472 qui
1075 3379 1243 3472 propter
1267 3355 1429 3446 bellicas
1460 3385 1587 3445 occu-

605 3471 963 3673 {sttui-tt
980 3469 1588 3701 tiqittiifflttizt‘ti

605 3703 743 3818 aliqua
772 3696 942 3788 floruiffe
972 3701 1167 3790 scribendi
1185 3703 1304 3792 laude
1320 3761 1332 3795 ‚
1346 3773 1348 3778 .
1364 3725 1434 3786 aut
1451 3703 1586 3791 Avar-

605 3845 766 3911 ttttturc
788 3821 1080 3904 Staccruttum
1109 3822 1377 3915 Urbiuatem,
1408 3847 1531 3932 quem
1563 3849 1585 3907 a

603 3935 794 4020 Guidone
808 3934 986 4022 Feretrio
1014 3946 1029 4037 (
1046 3941 1157 4048 cujus
1174 3937 1316 4022 domus
1331 3937 1487 4023 cunt’tae
1504 3938 1585 4028 lta·

560 4112 564 4116 -
602 4049 673 4134 ‘litt
688 4046 794 4160 quass
823 4049 1044 4164 hospitium
1060 4053 1265 4164 quoddam
1280 4055 1415 4168 patuit
1441 4049 1585 4139 libera·

604 4164 900 4270 tutantium>
926 4173 1124 4284 Legatum
1153 4165 1428 4290 adsemiffum
1458 4193 1582 4280 quum

1462 4286 1583 4367 luno·
1681 4317 1682 4336 Ν

1680 4351 1682 4432 i
