3725 5600
603 854 659 932 ²4
746 827 1048 911 Bonrnrcu
1079 852 1136 907 nn
1167 824 1447 909 Ponurrrc.

601 947 850 1029 eiamrernrn‘
880 943 1056 1025 ciuilium
1073 939 1324 1047 adjungenda
1353 935 1408 1020 est
1436 939 1594 1047 cogni·

601 1062 662 1144 tio
674 1088 808 1145 rerum
823 1058 1050 1143 diuinarum
1066 1110 1075 1129 ·
1095 1054 1249 1167 ‘Neque
1265 1050 1450 1140 audiendi
1461 1049 1593 1144 sunt,

602 1179 673 1286 qui
688 1175 772 1259 haec
787 1174 869 1259 duo
887 1234 898 1267 ,
925 1197 1013 1284 quae
1028 1164 1290 1280 sejnndiaesse
1304 1195 1386 1253 nou
1403 1167 1593 1278 poliunt,

601 1286 832 1403 discerpunt
862 1310 995 1374 tamen
1027 1300 1205 1397 35atque
1236 1286 1292 1368 ita
1313 1281 1555 1398 ,discerpunt
1576 1344 1595 1378 ,

600 1398 687 1491 fieri
712 1430 756 1489 ut
774 1427 920 1518 negent
937 1404 1045 1517 polle
1058 1442 1079 1496 ‚¹
1100 1421 1144 1487 ut
1159 1400 1265 1485 idem
1296 1398 1442 1497 sacris,
1472 1399 1595 1489 idem

600 1520 768 1633 reipubl.
785 1515 940 1635 praefit,
963 1514 1156 1633 qnasiaut
1172 1514 1281 1604 nulla
1296 1510 1344 1597 fit
1359 1512 1594 1629 inreligio-

600 1664 651 1723 ne
667 1638 717 1719 ad
732 1635 1022 1750 rempublicam
1036 1631 1350 1745 regendamnis,
1382 1630 1591 1727 aunodio

600 1754 777 1861 quodam
794 1775 992 1864 perpetuo
1004 1751 1220 1862 Imperium
1235 1776 1260 1831 a
1275 1744 1536 1841 sacerdotio,
1554 1742 1591 1835 fi

562 1895 569 1911 ·
599 1870 714 1951 r'uere
728 1867 829 1951 nolit
843 1880 867 1953 3>
886 1862 1065 1952 diffidere
1081 1865 1249 1951 debeat.
1278 1861 1414 1973 Qod·
1431 1880 1588 1949 contra

600 1981 783 2065 uidetur·
814 1986 922 2069 Num
951 1976 1223 2096 nequefirura
1254 1976 1308 2061 est
1337 1974 1587 2089 respublica,

599 2106 686 2205 quae
701 2096 894 2208 religione
911 2120 1033 2192 caret,
1049 2099 1176 2209 neque
1192 2116 1326 2180 tutum
1341 2096 1585 2208 Imperium,

597 2212 827 2320 quodcum
859 2213 1091 2300 Sacerdotio
1121 2210 1362 2323 digladiatur
1395 2272 1404 2293 .
1448 2213 1586 2296 Pareo

596 2329 787 2438 exemplis
804 2387 816 2420 ,
848 2352 894 2414 ut
920 2333 964 2415 in
980 2362 1022 2415 re
1038 2332 1154 2415 nimis
1171 2329 1280 2413 clara
1296 2376 1321 2408 .»
1336 2326 1452 2436 Qia
1466 2326 1586 2413 euim

597 2470 681 2527 non
700 2444 809 2531 videt
825 2443 1006 2541 ‚sublata
1020 2446 1240 2556 religione,
1269 2460 1388 2553 atque
1402 2441 1506 2528 adeo
1519 2447 1585 2551 jn·

597 2555 729 2649 ilitio,
753 2564 898 2672 quibus
917 2561 1031 2645 rebus
1058 2562 1190 2645 omnis
1205 2559 1380 2645 humana
1408 2554 1582 2644 societas

498 2672 500 2681 ’
596 2676 854 2763 continetur,
873 2674 1117 2759 ¹societatem
1148 2671 1305 2785 ipsam,
1336 2668 1582 2786 quibusdam

595 2788 720 2874 veluti
739 2794 865 2882 neruis
881 2788 1072 2881 exsecro,
1103 2786 1329 2876 dissolutam
1359 2819 1407 2875 ac
1432 2788 1582 2884 debili-

594 2924 722 2994 tatem
751 2911 880 3016 jecere
894 2924 918 2990 ἓ·
940 2911 1026 2994 Aut
1041 2935 1130 3022 quae
1144 2904 1274 3020 potest
1298 2905 1372 2992 else
1402 2931 1581 2993 concor-

593 3019 666 3102 diae
682 3079 693 3113 ,
711 3022 973 3138 reldenique
997 3019 1131 3110 salutis
1161 3026 1204 3113 in
1218 3025 1386 3110 civitate
1400 3019 1511 3136 spes,
1547 3018 1579 3108 si

592 3137 841 3234 sacerdotii,
866 3163 989 3254 atque
1012 3139 1176 3256 Imperii
1207 3136 1452 3255 potestates,
1483 3162 1580 3250 quae

591 3252 641 3336 ad
658 3250 997 3341 conservationem
1023 3258 1176 3346 ciuium
1193 3253 1413 3342 coalescere
1447 3280 1578 3340 unu

589 3367 740 3454 debent
757 3427 769 3460 ‚
786 3401 913 3485 prauo
927 3368 1092 3457 consilio
1107 3369 1371 3460 distrahantur
1389 3388 1405 3455 ?
1430 3372 1577 3458 Valuit

587 3477 741 3595 semper
769 3489 809 3568 in
827 3490 983 3600 optimu
999 3515 1155 3601 quaque
1171 3487 1379 3600 republica
1409 3485 1495 3576 haec
1511 3489 1576 3574 di·

588 3598 718 3706 rinae,
747 3619 867 3711 atque
898 3601 1076 3713 politicae
1103 3600 1274 3690 scientiae
1301 3606 1572 3712 conjunctio.

587 3714 694 3798 Hinc
711 3713 964 3806 Athenienses
994 3718 1179 3804 omnibus
1210 3717 1364 3832 semper
1395 3719 1572 3833 publicis

586 3826 759 3919 consiliis
788 3834 1019 3921 Sacerdotes
1047 3834 1238 3945 quosdam
1270 3835 1570 3946 adhibuerunt:

490 4029 492 4038 Α
586 3941 691 4027 Hinc
707 3948 996 4038 Lacedaemonii
1018 3951 1062 4034 ὃ(
1076 3955 1255 4063 Regibus
1271 3953 1364 4048 ,illis
1394 3949 1568 4039 suinAu·

536 4121 539 4126 .
586 4087 727 4169 gurem
742 4062 953 4152 assessorem
980 4069 1289 4160 dederuunuc,
1320 4065 1457 4181 srquid
1472 4097 1568 4181 gra·

587 4176 671 4258 nius
687 4172 924 4278 accideret,
953 4183 1135 4300 Delphos
1167 4180 1287 4299 usque
1315 4185 1564 4276 mittebant.

1395 4359 1399 4367 ·
1492 4304 1563 4415 qui
