3725 5600
591 868 620 951 4
689 884 694 903 =
736 849 1041 933 Boururcrr
1075 870 1135 930 nr
1167 844 1445 932 Pour1r1c.

589 962 737 1077 judicia
752 960 969 1047 doctorum
987 1018 999 1053 ‚
1015 980 1135 1073 atque
1150 962 1405 1074 prudentium
1420 1022 1432 1057 ,
1446 986 1470 1043 a
1485 958 1591 1071 qui·
1675 971 1679 975 ’

591 1080 666 1165 bus
682 1076 812 1164 multo
829 1074 979 1161 facilius
996 1080 1181 1193 impetres
1201 1131 1213 1165 2
1240 1094 1287 1159 ut
1315 1103 1397 1160 nou
1426 1074 1592 1189 scripta

591 1193 835 1288 deiiderent,
861 1220 982 1303 quam
1013 1212 1059 1277 ut
1086 1192 1189 1277 maie
1220 1188 1368 1303 [cripta
1399 1190 1591 1302 probare

588 1305 763 1425 poismt·
794 1306 841 1391 Id
859 1328 993 1391 autem
1010 1336 1091 1391 non
1106 1337 1156 1393 eo
1171 1308 1339 1391 dicimus
1356 1360 1369 1394 ‚
1385 1334 1469 1416 quo
1484 1331 1592 1388 acu·

589 1428 670 1511 tius
684 1423 819 1511 ridere
834 1448 932 1512 nos,
961 1448 1081 1532 quam
1096 1424 1244 1509 ceteri,
1263 1419 1466 1505 uideamur
1483 1476 1495 1511 ,
1511 1413 1590 1502 sed

590 1561 638 1625 ut
654 1557 876 1652 appareat,
929 1535 989 1620 lus
1005 1541 1112 1651 apud
1126 1565 1197 1621 nos
1213 1536 1342 1620 valere
1358 1535 1590 1620 auctorita·

589 1672 674 1741 tem
697 1656 840 1741 veteris
854 1566 1101 1765 diiciplinae,
1127 1680 1247 1764 quam
1265 1695 1286 1741 ,1
1307 1678 1395 1763 quae
1418 1675 1590 1764 tempo-

589 1772 698 1857 ribus
714 1766 851 1854 nostris
868 1765 1058 1855 succrevit
1070 1774 1152 1879 jam
1169 1769 1392 1858 uberrime,
1406 1764 1587 1849 scriben-

591 1884 634 1970 di
652 1882 888 1971 futilitatem
906 1938 915 1958 ·
931 1883 1066 1997 quue
1096 1886 1301 1967 meminus
1319 1883 1492 1996 poenitet
1507 1877 1588 1963 hu·
1615 1972 1624 1983 ,
1647 1972 1651 1975 ,

589 2002 654 2111 jus
685 1994 837 2084 consilii
863 2055 875 2089 ,
906 2000 1015 2110 quod
1048 2002 1089 2082 in
1119 1997 1312 2110 ejusmodi
1357 1995 1429 2080 scri
1462 1997 1584 2079 tione

588 2136 752 2201 remoto
768 2144 790 2197 a
806 2112 1115 2200 nobiesermone
1131 2176 1143 2208 ,
1167 2108 1413 2224 induciisque
1428 2026 1585 2222 Epicn-

590 2224 744 2315 tiffimis
770 2232 878 2315 Viris
910 2230 1000 2342 plus
1027 2232 1275 2315 auctoritatis
1303 2226 1489 2312 habitura
1518 2225 1584 2309 ri·

590 2346 709 2432 detur
722 2348 856 2431 oratio
873 2402 884 2423 .
902 2346 1130 2432 Induximur
1145 2338 1470 2460 autem'jaannem
1487 2345 1583 2427 Vm·

590 2470 751 2548 cantium
767 2459 1034 2570 Lucchefinium
1063 2464 1194 2549 civem
1217 2460 1423 2551 nostrum,
1452 2469 1579 2572 quem

586 2578 730 2660 rivum
758 2576 955 2661 coluimus
987 2575 1163 2690 semper,
1193 2602 1240 2659 ac
1265 2594 1468 2661 mortuum
1498 2602 1578 2687 pu-

585 2690 691 2775 blice
706 2691 954 2776 laudavimus
971 2721 1018 2777 ea
1032 2693 1249 2783 Oratione,
1265 2718 1352 2806 quae
1367 2687 1478 2776 estin
1494 2720 1578 2775 ma·

585 2807 704 2890 nibus
723 2806 955 2890 hominum·
988 2809 1077 2893 Fuit
1090 2809 1198 2892 enim
1214 2802 1490 2894 Lucchefinius
1507 2808 1575 2891 vir

584 2919 784 3007 exceliens
827 2925 941 3006 omni
966 2921 1084 3009 laude
1112 2925 1276 3008 virtutis
1317 2924 1362 3005 ἃ
1391 2923 1581 3035 ingenii,

583 3035 772 3154 idemque
803 3040 941 3149 graccis
962 3038 1104 3124 doctus
1134 3037 1294 3130 literis,
1323 3039 1368 3120 &
1398 3040 1573 3122 maxime

583 3150 719 3236 latinia
735 3207 748 3243 ‚
780 3181 947 3266 quarum
963 3153 1092 3240 studio
1108 3181 1228 3268 quum
1245 3151 1456 3267 flagraret,
1489 3154 1573 3239 De·

584 3263 798 3352 mosthenis
819 3272 1035 3356 Orationes
1064 3267 1254 3382 quasdam
1283 3271 1409 3355 vertit
1431 3296 1571 3383 egrae·
1649 3291 1652 3297 ’

583 3409 637 3468 co
653 3435 666 3474 ,
681 3411 895 3496 earumque
912 3413 1045 3470 rerum
1060 3380 1212 3496 scripsit
1226 3381 1429 3469 historiam
1444 3440 1456 3474 ,
1480 3412 1570 3495 quae

583 3494 652 3580 sua
665 3518 785 3582 aetate
797 3503 1085 3611 contigerunt.
1116 3501 1230 3616 Opus
1249 3523 1462 3612 utrumque
1477 3497 1568 3584 satir

582 3634 845 3708 accuratum,
873 3615 918 3697 &
936 3617 1069 3724 magni
1098 3615 1205 3726 apud
1235 3613 1409 3727 posteros
1440 3617 1571 3700 nomi·

581 3727 667 3810 nis.
696 3727 828 3812 Tanta
856 3725 1181 3814 homodocirina
1209 3731 1254 3814 &
1275 3727 1381 3816 fama
1405 3729 1568 3816 delituit

581 3841 749 3927 nimium
780 3842 848 3930 diu
879 3846 919 3928 in
935 3847 1024 3929 otio
1039 3843 1275 3960 literarum,
1304 3844 1570 3960 crocatusque

581 3953 671 4042 sero
683 3957 738 4044 est
752 3960 802 4044 ad
810 3956 1037 4047 Pontificius
1051 3959 1351 4050 conscribendas
1362 3959 1567 4075 Epistulas.

580 4073 650 4156 cui
678 4079 861 4166 muneri,
890 4078 1026 4190 quoad
1053 4080 1193 4169 vixit,
1224 4074 1384 4190 praefuit
1412 4074 1566 4162 summa

580 4181 650 4274 sua
674 4213 769 4274 cum
784 4187 930 4284 laude,
958 4196 1004 4279 δι
1018 4186 1261 4281 Pontificum
1275 4192 1472 4306 dignitate
1481 4225 1496 4290 ,ε
1504 4269 1508 4274 ,
1511 4192 1568 4396 pp

1043 4333 1047 4343 .
1296 4345 1311 4372 ‚
1454 4336 1510 4428 qu
